2713 4137
587 262 672 308 DE
721 261 1107 308 NONNULLIS
1154 261 1501 307 PARTIBUS
1550 260 1773 306 MISSAE
2123 260 2209 325 79

152 377 342 444 Dein
393 378 506 445 vel
555 376 950 465 particulaS,
1017 378 1074 444 si
1121 399 1299 464 quas
1364 379 1806 444 consecravit
1874 388 1947 443 et
1994 398 2209 465 super

152 468 508 566 corporali
543 467 806 553 positas
839 468 1070 547 habet,
1098 465 1364 532 Pateria
1390 466 1673 553 colligit,
1701 466 1814 532 vel
1841 465 2207 552 Pyxidem,

151 557 322 622 sim
359 558 490 623 hac
539 557 1001 637 consecravit,
1051 557 1120 621 in
1170 557 1403 623 medio
1453 557 1748 642 reponit,
1785 557 1897 622 vel
1947 558 2004 622 si
2052 578 2210 623 eam

151 666 398 711 coram
447 667 524 713 se
573 667 710 711 non
761 657 974 726 tenet,
1024 667 1062 710 e
1119 645 1574 712 tabernaculo
1632 645 1935 726 deducit,
1985 647 2211 732 apelit

149 746 224 799 et
264 734 466 820 juxta
514 757 783 801 morem
834 735 1307 821 prosequitur.

296 822 510 907 Quod
559 836 821 910 praeter
881 823 1401 903 Celebrantem,
1475 823 1653 889 alius
1703 823 2083 905 SacerdOS,
2135 835 2210 889 ut

141 913 252 978 'illi
287 913 663 980 auxilietur
694 914 762 979 in
812 911 1336 979 Communione
1386 912 1725 998 generali,
1762 913 1877 981 Ss.
1943 912 2209 980 Eucha-

153 1003 423 1068 ristiam
474 1003 723 1069 eodem
772 1013 1092 1088 tempore
1139 1002 1603 1081 administret,
1654 1002 1963 1088 permitti
1997 1025 2209 1090 posse

150 1091 456 1172 videtur,
507 1102 580 1157 ut
625 1091 763 1157 fert
810 1092 1021 1157 etiam
1072 1092 1306 1177 praxis
1372 1090 1845 1157 Ecclesiarum
1894 1091 2113 1159 Urbis
2166 1094 2207 1158 ¹.

294 1179 812 1246 Communione
860 1192 1164 1267 peracta,
1233 1180 1417 1246 redit
1488 1180 1576 1245 ad
1623 1180 1868 1247 Altare
1918 1192 1988 1246 et
2036 1180 2210 1246 nihil

153 1269 424 1350 dicens,
474 1269 840 1357 Pyxidem,
899 1269 1030 1334 nisi
1105 1271 1338 1335 statim
1390 1268 1822 1354 purificanda
1874 1271 1983 1350 sit,
2045 1291 2211 1336 coo·

149 1359 357 1443 perit,
408 1358 903 1445 genuflexione
952 1359 1336 1443 praemissa,
1403 1368 1473 1423 et
1541 1357 1609 1422 in
1680 1358 2209 1425 tabernaculum

155 1448 483 1528 recludit,
532 1448 824 1514 Missam
874 1446 1039 1513 inde
1088 1458 1671 1546 prosequuturuS.

288 1538 397 1622 84.
447 1540 640 1606 Post
685 1540 1040 1606 Missam.
1090 1536 1432 1603 Precibus
1467 1536 1794 1618 recitatiS,
1845 1559 2006 1643 quae
2052 1550 2213 1623 post

150 1624 450 1692 Missam
500 1627 844 1712 privatam
893 1626 1396 1725 praecipiuntur
1441 1623 1553 1707 (cf.
1588 1647 1649 1693 n.
1681 1627 1814 1705 80),
1851 1625 2212 1695 Sacerdos

149 1714 405 1781 Altare
431 1716 768 1795 ascendit,
788 1716 1008 1781 sacris
1033 1715 1263 1781 adhuc
1291 1714 1609 1780 vestibus
1635 1716 1937 1795 indutuS,
1953 1717 2210 1782 omnia-

153 1825 298 1890 que
333 1815 643 1891 praestat,
681 1805 1075 1890 eodemque
1113 1805 1268 1883 ritu,
1307 1825 1446 1869 non
1484 1823 1689 1870 secus
1725 1825 1805 1870 ac
1839 1815 2004 1870 ante
2050 1804 2211 1870 Mis-

151 1914 310 1958 sam
360 1891 951 1960 Communionem
999 1892 1616 1959 administraturus
1665 1903 1874 1972 esset,
1927 1893 2091 1960 data
2136 1895 2207 1960 in
2290 1907 2302 1916 ‘

153 1981 320 2061 fine,
370 1982 484 2047 vel
531 2004 694 2062 non,
745 1980 1346 2060 Benedictionem,
1389 1981 1591 2068 juxta
1649 1981 1962 2048 colorem
2013 2005 2214 2068 para-

155 2082 584 2152 mentorum,
634 2087 709 2139 ut
757 2083 963 2138 antea
1011 2072 1334 2138 diximus.

300 2159 702 2244 Quaesitum
748 2160 922 2227 fuit.
975 2189 1004 2219 a
1058 2160 1171 2227 An
1244 2160 1609 2227 toleranda
1681 2161 1769 2227 sit
1817 2161 1930 2227 vel
2002 2161 2212 2227 elimi-

153 2250 394 2315 nanda
449 2250 890 2317 consuetudo
963 2250 1378 2328 inveterata,
1448 2272 1589 2337 qua
1659 2249 2019 2318 Sacerdos
2092 2251 2212 2338 qui

153 2337 249 2403 ad
296 2336 548 2405 Altare
596 2339 882 2426 aliquod
930 2337 1019 2404 ad
1092 2338 1592 2405 celebrandum
1643 2338 1914 2405 accedit
1961 2338 2075 2405 vel
2124 2340 2211 2405 ab

153 2446 245 2491 eo
294 2427 584 2507 recedit,
636 2429 737 2495 sic
788 2428 1010 2494 sacris
1056 2428 1378 2493 vestibus
1426 2426 1770 2495 Sacrificii
1821 2428 2107 2494 indutus
2143 2439 2214 2495 et

157 2535 318 2600 prae
364 2517 690 2583 manibus
739 2516 1049 2583 Calicem
1101 2527 1376 2594 tenenS,
1425 2517 1765 2583 ascendat
1810 2517 1879 2582 in
1914 2517 2211 2583 transitu

158 2604 253 2670 ad
303 2603 570 2684 Altare,
637 2607 705 2671 in
774 2627 916 2693 quo
979 2604 1180 2671 adest
1248 2602 1365 2672 Ss.
1438 2603 1898 2684 Eucharistia,
1971 2616 2046 2671 ut
2116 2606 2211 2672 ibi

157 2690 461 2760 Sacram
511 2693 1097 2761 Communionem
1130 2692 1458 2760 fidelibus
1490 2694 1907 2760 distribuat
1884 2694 1919 2743 Ῥ
1952 2706 2023 2761 et
2052 2716 2214 2781 qua·

151 2791 369 2849 tenus
417 2804 557 2849 non
608 2784 698 2849 sit
743 2781 1151 2849 toleranda:
1210 2782 1349 2861 An,
1416 2781 1753 2869 depositis
1816 2782 2095 2868 planeta
2143 2793 2215 2849 et

151 2871 515 2959 manipulo
563 2872 634 2938 in
682 2870 1046 2951 Sacristia,
1098 2871 1441 2937 accedere
1498 2871 1722 2957 possit
1758 2892 1915 2937 cum
1950 2872 2109 2938 alba
2141 2882 2212 2938 et

153 2960 406 3027 stola?
459 2988 490 3020 n
542 2960 622 3030 S.
669 2960 756 3027 R.
805 2960 1292 3047 Congregatio
1342 2959 1750 3045 respondit:
1805 2989 1835 3020 a
1889 2960 2006 3027 Ad
2075 2961 2214 3047 pri-

153 3069 347 3115 mam
395 3060 710 3137 partem:
758 3048 838 3117 Si
904 3048 1087 3115 adsit
1159 3049 1566 3128 necessitaS,
1619 3070 1830 3135 posse
1881 3049 2164 3116 tolerari
2193 3072 2209 3130 ;

159 3136 252 3203 ad
302 3140 724 3206 secundam:
775 3138 1150 3205 Provisum
1199 3138 1266 3202 in
1313 3137 1540 3224 prima
1591 3136 1634 3203 ².
1691 3164 1720 3195 n

262 3289 314 3353 1)
347 3285 436 3341 Cf.
473 3283 653 3339 etiam
683 3288 750 3340 Pi
757 3288 884 3353 ghi
911 3284 1020 3339 Lit.
1048 3283 1477 3339 sacramentor.
1510 3286 1562 3334 et
1597 3280 2018 3334 Sacramental.
2049 3298 2103 3335 n.
2143 3281 2220 3334 86

152 3356 340 3425 (edit.
364 3357 486 3427 III.)
531 3356 616 3411 Ibi
654 3354 787 3409 fuse
827 3356 1020 3425 agitur
1059 3354 1132 3408 de
1171 3352 1268 3409 SS.
1308 3352 1697 3407 Eucharistiae
1737 3351 2173 3407 distributione.

260 3430 317 3498 2)
355 3427 417 3485 S.
455 3428 528 3482 R.
565 3427 630 3482 C.
673 3444 737 3481 12
777 3426 976 3481 Martii
1017 3427 1172 3496 1836,
1213 3443 1272 3480 n.
1306 3441 1468 3495 2740,
1508 3422 1583 3477 ad
1620 3422 1723 3477 XI.
