2713 4137
494 198 616 267 124
751 202 842 247 DE
886 201 1270 247 NONNULLIS
1317 202 1604 249 OFFICIIS
1656 201 2270 249 PARTICULARIBUS

619 320 942 402 Demum,
991 324 1242 409 quavis
1291 324 1408 391 die
1458 344 1597 389 non
1650 323 1985 402 impedita
2019 322 2200 389 infra
2247 344 2547 401 annum,

487 410 718 476 adhuc
751 410 912 477 licet
945 409 1280 479 Officium
1308 434 1437 501 pro
1465 434 1627 493 un0,
1660 412 1775 479 vel
1806 412 2127 501 pluribus
2162 410 2552 478 Defunctis

488 498 918 585 persolvere,
969 500 1120 567 sive
1171 524 1259 567 ex
1331 502 1793 588 dispositione
1864 511 2306 582 testatorum,
2388 502 2554 567 sive

489 598 764 673 rogam,
813 588 927 655 vel
975 588 1352 657 devotione
1402 590 1752 658 vivorum.
2252 640 2256 644 -

629 677 772 743 166.
821 676 1112 744 Modum
1159 680 1352 766 quod
1402 690 1677 766 spectat
1725 676 2135 763 hujusmodi
2193 676 2551 745 Officium

490 765 853 847 recitandi,
904 768 1060 834 haec
1110 767 1569 836 adnotamus:

513 886 531 951 '.
627 861 683 937 1)
731 854 935 922 Ritus
983 855 1278 945 Duplex.
1313 868 1639 924 servatur
1685 857 1755 923 in
1812 855 1926 922 die
1998 855 2553 931 Commemora-

487 943 696 1009 tionis
745 945 1054 1011 omnium
1102 945 1156 1011 F
1161 947 1444 1014 idelium
1490 945 2025 1026 Defunctorum,
2086 966 2363 1012 necnon
2405 945 2551 1011 die-

496 1031 626 1097 bus
675 1033 928 1114 obituS,
995 1056 1144 1101 seu.
1184 1035 1665 1123 depositionis,
1738 1033 2235 1121 quasi-obituS,
2308 1036 2548 1114 tertia,

489 1120 807 1206 septima,
871 1123 1252 1209 trigesima,
1319 1124 1796 1191 anniversaria
1860 1122 2374 1210 cujuscumque
2428 1122 2549 1189 Fi-

492 1207 670 1276 delis
703 1208 1069 1280 Defuncti.
1109 1240 1114 1245 ·

617 1296 830 1365 Extra
877 1301 1010 1366 hos
1059 1301 1209 1368 dies
1258 1312 1583 1368 servatur
1640 1302 1814 1367 ritus
1864 1299 2347 1385 Semiduplex.

509 1422 517 1429 ·
623 1392 690 1469 2)
737 1386 920 1455 Tres
967 1389 1310 1457 Nocturni
1359 1390 1624 1457 debent
1657 1388 1792 1456 dici
1826 1390 1894 1455 in
1928 1390 2041 1457 die
2075 1388 2544 1456 Commemo-

490 1476 780 1542 rationis
828 1480 1134 1544 omnium
1180 1478 1521 1546 Fidelium
1575 1476 2125 1556 Defunctorum;
2188 1479 2359 1545 item
2425 1477 2549 1543 die

491 1564 973 1651 depositionis,
1023 1568 1371 1635 cadavere
1419 1578 1790 1655 praesente,
1843 1568 1995 1647 nisi,
2028 1568 2165 1633 hoc
2204 1566 2433 1633 altero
2465 1566 2549 1632 in

491 1675 678 1735 casu,
715 1656 808 1720 ob
842 1656 1327 1723 rationabilem
1364 1679 1669 1736 causam,
1698 1658 1925 1743 magis
1960 1656 2287 1742 expediat
2321 1677 2551 1720 unum

493 1742 749 1810 dicere.
778 1744 990 1828 Quod
1017 1755 1209 1812 tanto
1235 1746 1462 1833 tnagis
1489 1746 1751 1812 valebit
1774 1766 1903 1831 pro
1930 1746 2183 1811 ceteris
2210 1743 2463 1810 diebus
2496 1744 2548 1810 ¹.

620 1837 684 1921 3)
731 1832 1214 1900 Invitatorium
1265 1848 1375 1901 est
1421 1834 2001 1921 praemittendum
2054 1834 2333 1921 quoties
2390 1845 2552 1898 tres

485 1920 825 1988 Nocturni
865 1924 1254 1990 recitantur.
1275 1936 1344 1991 et
1376 1924 1653 2011 quoties
1687 1922 2027 1990 Cadaver
2059 1934 2167 1990 est
2195 1942 2549 2008 praesenS,

491 2011 654 2078 licet
699 2013 981 2078 unicum
1026 2011 1465 2080 Nocturnum
1516 2013 1787 2079 dicatur
1835 2012 1881 2079 ².

620 2111 687 2187 4)
735 2101 1012 2168 Laudes
1063 2123 1347 2190 semper
1394 2101 1816 2188 adjiciendae
1870 2112 2029 2168 sunt
2075 2101 2214 2182 uni,
2273 2101 2392 2167 vel
2426 2101 2555 2166 tri-

492 2192 622 2258 bus
668 2189 1075 2272 NocturniS,
1129 2192 1261 2258 nisi
1309 2215 1397 2259 ex
1446 2191 1956 2258 consuetudine
2006 2191 2439 2257 omittantur.

622 2284 687 2366 5)
769 2278 1072 2362 Quando
1143 2282 1426 2347 unicum
1494 2279 1935 2347 Nocturnum
2002 2280 2289 2358 obtinet,
2368 2278 2554 2345 illud

492 2369 776 2454 eligitur
822 2367 1012 2455 quod
1059 2367 1258 2436 feriae
1312 2369 1633 2436 currenti>
1670 2368 2069 2455 respondet,
2104 2379 2174 2434 at
2237 2369 2554 2434 sustine-

491 2471 607 2524 tur
653 2458 1086 2526 consuetudo
1137 2457 1507 2525 recitandi.
1547 2459 1799 2544 quavis
1869 2457 1985 2524 die
2043 2457 2347 2544 primum
2405 2455 2551 2522 No-

494 2559 818 2614 cturnum
867 2545 912 2614 ⁸.

626 2637 693 2720 6.)
737 2635 826 2701 Si
888 2657 1018 2723 pro
1067 2657 1207 2702 uno
1266 2646 1535 2702 tantum
1606 2636 1879 2702 dicatur
1934 2633 2293 2716 Officium,
2366 2635 2554 2700 nihil

494 2736 602 2792 est
647 2724 1055 2791 mutandum
1104 2725 1174 2790 in
1225 2746 1330 2804 e0,
1384 2724 1511 2790 sed
1562 2725 1798 2790 omnia
1850 2723 2147 2791 dicenda
2194 2734 2357 2790 sunt
2415 2745 2555 2790 nu-

495 2836 692 2880 mero
725 2812 993 2899 plurali,
1028 2813 1341 2900 exceptis
1378 2812 1748 2879 versiculis
1784 2813 1903 2900 qui
1937 2812 2339 2880 immediate
2365 2834 2555 2900 prae-

597 3085 648 3154 1)
692 3082 925 3138 Rituale
966 3080 1138 3136 Rom.
1188 3081 1299 3137 Tit.
1349 3081 1454 3139 VI.
1492 3099 1538 3138 c.
1576 3081 1697 3138 III.
1736 3100 1793 3138 n.
1833 3085 1923 3153 16,
1962 3088 2015 3137 et
2050 3098 2097 3138 c.
2150 3081 2218 3138 V.
2254 3099 2311 3139 n.
2349 3100 2405 3138 I.

589 3157 648 3226 2)
683 3154 747 3210 S.
783 3153 838 3208 R
875 3153 939 3208 C.
978 3171 1015 3222 9
1053 3153 1194 3222 Maji
1236 3171 1392 3226 1739,
1434 3172 1491 3211 n.
1526 3171 1669 3225 2344
1708 3155 1782 3208 ad
1820 3154 1907 3224 113
1962 3171 2030 3224 31
2082 3154 2223 3224 Maji
2282 3155 2440 3226 1817,
2498 3177 2565 3213 n.

483 3227 650 3426 ἒἓξὲξ)
683 3225 926 3421 ἶξίΐέξτῑῖε.
955 3295 1124 3352 Rom.
1179 3297 1292 3354 loc.
1331 3297 1428 3353 cit.
1466 3303 1527 3350 et
1563 3295 1626 3351 S.
1670 3295 1743 3352 R.
1800 3295 1864 3351 C.
1917 3314 1987 3352 21
2048 3297 2221 3355 Febr.
2279 3297 2436 3368 1896.
2496 3317 2564 3358 n.

487 3388 523 3441 3
595 3386 630 3440 5
669 3385 703 3422 '⁶¹
843 3409 855 3422 ·
