2713 4137
507 234 600 324 36
957 253 1046 299 DE
1091 250 1334 299 Divmo
1383 251 1658 298 omem
1707 251 1775 297 IN
1824 249 2099 298 GENERE

1331 475 1603 548 CAPUT
1646 476 1722 546 V.

1021 605 1152 686 De
1211 603 1719 686 officiorum
1776 601 2045 685 Sede.

643 841 751 908 39.
805 816 1423 903 Quemadmodum
1473 815 1690 883 solius
1736 816 2177 904 Apostolicae
2234 817 2582 884 Auctori-
2679 795 2680 810 ¹

511 909 676 976 tatis
755 919 863 975 est
931 907 1240 974 honores
1309 904 1638 974 Caelitum
1712 906 1780 972 in
1856 906 2068 972 terris
2144 907 2575 989 decernere,

516 998 922 1084 cultumque
949 997 1267 1082 ipsorum
1299 995 1623 1062 fidelibus
1655 994 2084 1082 permittere,
2120 1006 2238 1062 aut
2261 994 2529 1083 jubere
2556 1019 2576 1076 ς
2679 1003 2680 1008 ’

515 1088 609 1153 ita
657 1085 842 1153 illius
889 1095 998 1151 est
1045 1083 1443 1151 concedere
1502 1080 1758 1150 Officia
1813 1085 1884 1150 in
1941 1085 2356 1152 eorumdem
2422 1107 2577 1150 me·
2679 1157 2680 1164 χ

517 1176 816 1241 moriam
862 1184 935 1240 et
979 1172 1258 1240 laudem
1306 1170 1799 1259 persolvenda,
1848 1173 2020 1259 ipsis
2068 1174 2255 1240 diem
2286 1176 2578 1260 praesti-
2679 1191 2680 1200 ¹

515 1263 802 1343 tuend0,
852 1284 1010 1349 qua,
1067 1260 1182 1328 vel
1251 1261 1657 1341 universim,
1732 1260 1846 1327 vel
1892 1262 1961 1328 in
2019 1263 2573 1348 particularibus

516 1353 710 1432 locis,
760 1362 901 1418 tam
947 1361 1189 1417 sancta
1237 1361 1447 1438 atque
1497 1349 1797 1417 salubris
1845 1352 2247 1418 recordatio
2294 1353 2385 1418 ab
2435 1351 2576 1418 Ec-

517 1442 752 1523 clesia,
800 1439 1097 1526 singulis
1144 1439 1365 1520 anniS,
1415 1438 1554 1506 fiat.

653 1529 809 1598 Huc
863 1529 1081 1615 igitur
1151 1538 1425 1615 spectat
1492 1526 1911 1596 Officiorum
1982 1528 2352 1610 ordinatiO,
2426 1552 2572 1618 qua

519 1642 718 1687 suam
776 1617 1020 1684 sedem
1067 1615 1182 1683 illa
1240 1617 1647 1698 sortiuntur,
1706 1637 1835 1682 seu
1906 1637 2034 1703 per
2105 1618 2255 1685 dies
2332 1619 2572 1686 distri-

519 1710 828 1776 buuntur
872 1706 1054 1773 infra
1101 1728 1382 1787 annum,
1430 1707 1525 1772 ita
1572 1717 1649 1772 ut
1694 1727 1735 1772 a
1781 1704 1915 1786 die,
1965 1706 2076 1773 cui
2122 1708 2572 1795 unumquod-
2679 1763 2680 1790 ἶ

520 1818 660 1885 que
709 1793 1040 1863 Officium
1088 1796 1512 1881 assignatur,
1576 1793 1775 1861 nefas
1824 1795 1913 1860 sit
1959 1794 2129 1862 illud
2177 1795 2566 1878 dimovere,

521 1886 654 1953 nisi
724 1896 845 1951 aut
911 1883 1295 1951 Decretum
1365 1883 1829 1964 Pontificium,
1899 1895 2019 1950 aut
2085 1882 2561 1952 Rubricarum
2679 1955 2680 1968 ¹

523 1973 794 2062 regulae
842 1972 913 2040 id
961 1973 1112 2040 fieri
1163 1972 1575 2054 concedant,
1623 1973 1738 2038 vel
1788 1981 2115 2040 statuant.

653 2086 763 2151 40.
811 2061 885 2131 In
933 2062 1178 2151 primis
1225 2060 1678 2129 recolendum
1725 2076 1854 2144 est,
1904 2062 2096 2149 quod
2147 2062 2293 2150 jam
2326 2063 2568 2131 admo-

523 2154 804 2220 nuimus
873 2154 964 2239 (n.
1032 2153 1163 2241 36),
1235 2151 1601 2238 primaevae
1666 2149 2006 2219 Ecclesiae
2076 2174 2277 2219 usum
2344 2152 2564 2219 fuisse

525 2242 943 2309 memoriam
969 2240 1229 2328 agendi
1261 2242 1761 2326 mysteriorum
1793 2239 2079 2307 Domini
2112 2253 2183 2308 et
2210 2240 2292 2308 B.
2316 2241 2563 2309 Mariae

521 2330 632 2412 V.,
700 2341 849 2396 tum
918 2330 1236 2416 martyrii
1293 2327 1757 2397 Sanctorum.
1826 2328 2252 2418 Hujusmodi
2330 2342 2563 2398 autem

525 2420 889 2487 memoriae
938 2418 1385 2486 celebrandae
1433 2418 1589 2485 illos
1635 2420 2027 2486 invenimus
2060 2430 2360 2487 statutos
2391 2420 2561 2501 dies,

524 2508 595 2574 in
641 2508 897 2595 quibus
928 2507 1266 2594 mysteria
1297 2508 1536 2575 divina
1567 2508 1787 2574 fuisse
1819 2507 2104 2595 impleta
2134 2508 2561 2590 tradebatur,

524 2596 640 2664 vel
686 2595 930 2665 Sancti
980 2596 1397 2683 martyrium
1446 2597 1806 2664 subierant
1856 2596 1900 2663 ¹.

660 2684 842 2753 Dein
888 2684 1227 2767 Ecclesia,
1284 2686 1509 2752 auctis
1563 2685 1764 2753 festis
1832 2698 1903 2752 et
1972 2682 2269 2767 Officiis,
2337 2686 2561 2773 iisque

525 2774 615 2842 ad
685 2774 986 2844 Sanctos
1051 2795 1334 2862 quoque
1407 2796 1548 2841 non
1616 2784 1967 2861 martyres
2039 2775 2372 2855 extensiS,
2437 2796 2561 2861 pro

526 2864 778 2931 iisdem
827 2863 1290 2944 celebrandiS,
1345 2883 1849 2951 nonnunquam
1920 2862 2074 2931 dies
2144 2864 2557 2951 designavit,

526 2954 648 3039 qui
715 2952 906 3020 nullo
976 2952 1314 3019 historico
1386 2963 1646 3019 eventu
1716 2953 1804 3019 ad
1877 2952 2379 3039 mysteriorum
2445 2954 2555 3020 vel

529 3040 956 3111 Sanctorum
1011 3040 1577 3111 recordationem
1633 3041 2165 3119 referebantur:
2234 3041 2330 3108 ita
2375 3062 2441 3108 v.
2486 3064 2553 3129 g.

529 3131 934 3217 designavit
992 3130 1242 3199 feriam
1300 3128 1384 3197 V.
1454 3140 1613 3217 post
1681 3129 1939 3197 festum
2006 3127 2144 3200 SS.
2192 3128 2550 3199 Trinitatis

631 3345 686 3415 1)
719 3344 808 3401 Cf.
845 3346 908 3403 S.
934 3347 1317 3419 Cyprianus.
1343 3344 1451 3417 Ep.
1466 3360 1549 3415 37
1569 3364 1597 3414 ,·
1620 3345 1683 3401 S.
1716 3346 1816 3413 Jo.
1844 3346 2367 3417 chrysostomus.
2391 3342 2554 3401 Hom.

519 3416 596 3471 26
631 3424 756 3491 sup.
792 3414 876 3473 II.
919 3415 1171 3475 Corinth.
