2713 4137
411 231 497 276 DE
539 231 1051 278 RELATIONIBUS
1099 232 1528 281 OFFICIORUM
1574 232 1783 279 INTER
1829 233 1907 279 SE
2092 231 2178 296 41

259 349 344 417 In
400 349 506 416 his
552 351 887 417 omnibus
931 349 1214 418 casibus
1262 351 1563 418 habetur
1610 373 1695 418 ea
1763 361 1927 439 quae
2000 349 2187 418 litur-

126 438 287 524 gice
338 449 638 505 vocatur
687 438 1105 507 Officiorum
1150 439 1598 507 occurrentia.
1917 469 1921 474 ·

260 525 652 609 Praeterea,
700 538 909 614 prout
957 549 1041 594 su
1092 551 1173 596 ra
1225 529 1717 596 admonuimus
1748 531 1839 612 (n.
1886 530 2018 618 37),
2054 527 2187 594 Of-

128 614 286 682 ficia
336 616 477 682 ritu
522 615 826 704 Duplici,
874 616 992 684 vel
1039 549 1504 705 gemiduplici
1535 617 1888 705 insignita,
1922 617 2186 704 primas

132 714 199 768 et
232 704 592 772 secundas
625 706 890 772 habent
919 704 1302 793 VesperaS.
1337 705 1580 790 Quare
1614 707 1946 773 secundae
1983 705 2186 772 unius

132 790 372 859 Officii
419 792 764 881 Vesperae
809 816 970 861 cum
1018 795 1263 881 primis
1295 794 1637 883 Vesperis
1672 794 1907 863 Officii
1940 796 2185 862 subse-

131 883 410 967 quentis
460 904 655 970 saepe
704 884 1156 951 contendunt.

259 970 338 1037 In
362 971 502 1038 hoc
529 993 697 1038 casu
729 973 1198 1039 concurrentia
1232 972 1652 1041 Officiorum
1684 974 1919 1039 locum
1949 971 2183 1038 habet.

259 1079 373 1148 45.
403 1059 715 1144 Quando
746 1062 1193 1129 occurrentia
1227 1062 1513 1142 obtinet,
1548 1060 1782 1148 posito
1813 1060 2182 1148 principie,

136 1148 322 1234 quod
372 1171 592 1215 unum
649 1150 1136 1217 tantummodo
1207 1161 1317 1218 est
1378 1148 1952 1237 persolvendum,
2025 1170 2183 1215 una-

138 1257 413 1325 quaque
465 1238 601 1320 die,
650 1240 1000 1326 integrum
1052 1237 1409 1320 Officium,
1467 1238 1807 1326 sequitur,
1880 1259 1972 1304 ex
2039 1237 2185 1324 plu-

142 1326 328 1392 ribus
377 1325 656 1394 Officiis
705 1328 911 1395 simul
959 1327 1513 1409 occurrentibuS,
1556 1349 1774 1394 unum
1821 1327 2182 1393 dumtaxat

142 1435 217 1480 ea
264 1415 378 1482 die
427 1438 595 1483 esse
643 1418 1103 1498 recitandum,
1152 1427 1391 1484 cetera
1442 1437 1618 1484 vero
1664 1415 1780 1483 vel
1850 1415 2178 1482 omittere

145 1524 452 1588 prorsus,
501 1505 616 1572 vel
664 1506 754 1572 ad
801 1507 989 1573 diem
1037 1506 1240 1573 aliam
1291 1505 1691 1586 amandare,
1726 1502 1862 1586 vel,
1894 1505 2009 1572 die
2040 1526 2181 1592 qua

146 1604 539 1675 occurrunt,
588 1595 930 1662 reducere
977 1595 1064 1663 ad
1114 1595 1335 1662 solam
1409 1593 2181 1673 commemorationem,

150 1702 221 1746 ac
254 1683 310 1749 si
363 1704 614 1750 eorum
650 1685 825 1750 ritus
857 1695 1050 1751 esset
1081 1683 1421 1770 SimpleX,
1456 1693 1786 1770 oportere
1818 1680 1930 1768 (cf.
1957 1701 2023 1748 n.
2046 1686 2179 1770 37).

267 1770 577 1856 Quando
613 1784 845 1839 autem
880 1773 1095 1840 habet
1126 1773 1360 1838 locum
1393 1772 1911 1852 concurrentia,
1944 1771 2179 1858 posito

151 1861 396 1944 pariter
444 1862 809 1949 principiO,
880 1862 1072 1949 quod
1139 1863 1363 1929 unicae
1433 1859 1781 1948 Vesperae
1850 1870 2017 1926 sunt
2086 1859 2178 1925 di-

153 1949 398 2030 cendae,
451 1951 788 2036 sequitur,
835 1963 955 2016 aut
1001 1951 1407 2018 alterutrius
1456 1960 1721 2016 tantum
1769 1946 2003 2016 Officii
2049 1945 2181 2014 Ve-

154 2057 380 2123 speras
431 2059 593 2107 esse
639 2038 1172 2127 persolvendae,
1222 2039 1512 2107 alterius
1559 2049 1793 2106 autem
1842 2057 2001 2105 esse
2064 2035 2179 2104 die

157 2128 384 2195 eadem
434 2130 715 2215 penitus
762 2129 1186 2197 omittendas
1210 2152 1228 2210 ;
1300 2138 1421 2195 aut
1466 2127 1825 2215 Vesperas
1874 2147 2031 2194 esse
2088 2125 2180 2193 di-

156 2217 545 2298 midiandaS,
595 2216 862 2285 scilicet
906 2240 1129 2306 usque
1169 2217 1258 2285 ad
1292 2216 1696 2304 Capitulum
1729 2227 2055 2303 spectare
2086 2214 2177 2281 ad

157 2303 470 2373 Officium
526 2306 726 2393 cujus
795 2308 1128 2374 secundae
1198 2304 1543 2393 Vesperae
1598 2306 1926 2372 dicuntur
1981 2301 2179 2388 (Offi-

159 2395 323 2460 cium
359 2394 794 2482 proecedens),
843 2417 884 2462 a
939 2394 1264 2482 Capitulo
1320 2406 1391 2463 et
1446 2394 1783 2481 deinceps
1854 2403 2177 2480 spectare

160 2484 236 2551 ad
280 2482 625 2564 Officium,
675 2483 877 2571 cujus
924 2482 1267 2572 Vesperae
1317 2483 1566 2571 primae
1614 2483 1994 2549 recitantur
2025 2480 2178 2565 (Of-

159 2571 371 2640 ficium
416 2576 732 2657 sequens)
756 2596 772 2654 ;
821 2585 940 2640 aut
988 2573 1291 2653 demum,
1341 2572 1747 2639 alterutrius
1780 2568 2013 2639 Officii
2046 2568 2179 2637 Ve-

163 2663 366 2748 speris
411 2662 704 2749 integris
765 2660 1161 2749 persolutis,
1219 2662 1509 2728 alterius
1570 2659 2179 2727 commemoratio-

162 2771 306 2817 nem
347 2760 610 2817 tantum
662 2750 812 2818 fieri
858 2751 1143 2819 debere.

279 2840 382 2926 46.
425 2838 629 2907 Patet
675 2840 892 2926 igitur
944 2841 1148 2906 nobis
1202 2860 1365 2905 esse
1437 2837 1551 2903 hic
1615 2836 1903 2923 regulas
1972 2856 2179 2921 expo·

166 2928 429 3008 nendaS,
467 2928 667 3015 juxta
712 2950 890 3016 quas
949 2928 1177 2995 dirimi
1248 2939 1546 3014 possunt
1616 2924 2001 3005 conflictuS,
2105 2924 2175 2992 ui

169 3018 329 3084 inter
370 3015 619 3088 Officia
666 3018 1094 3104 contingunt,
1144 3027 1216 3084 et
1260 3018 1417 3083 haec
1465 3015 1882 3084 ordinantur
1926 3012 1996 3079 in
2106 3034 2177 3079 a-

170 3106 467 3187 lendari0,
520 3106 670 3172 sive
739 3105 1075 3193 generali,
1135 3105 1286 3173 sive
1344 3102 1742 3190 particulari
1813 3101 2129 3169 locorum
2154 3123 2171 3181 ς

171 3217 392 3283 nempe
464 3195 819 3281 agendum
889 3206 998 3261 est
1066 3196 1156 3261 de
1215 3192 1631 3261 Officiorum
1706 3192 2171 3272 occurrentia,

173 3284 609 3366 translatione,
659 3284 1087 3371 repositione
1137 3294 1208 3350 et
1255 3281 1772 3349 concurrentia.
