2713 4137
477 203 607 270 134
933 201 1023 247 DE
1071 200 1268 247 MODO
1316 200 1695 247 RECITANDI
1745 201 2071 249 OFFICIUM

473 322 913 413 regulariter,
961 324 1123 410 quia
1171 323 1489 389 recitatio
1538 333 1683 389 tum
1730 322 2075 403 Matutini,
2126 334 2275 390 tum
2352 322 2521 390 Lau-

478 412 665 493 dum,
713 412 994 501 dejure
1041 411 1116 479 fit
1170 412 1395 499 pridie
1465 412 1537 478 in
1609 412 1856 479 ultimo
1928 413 2162 479 triduo
2233 411 2519 498 Majoris

477 500 988 581 Hebdomadae,
1014 511 1085 568 et
1115 501 1561 588 permittitur,
1588 523 1718 587 pro
1752 501 2125 569 commodo
2160 500 2422 589 populi,
2456 502 2519 567 in

480 590 1175 659 Commemoratione
1224 590 1536 656 omnium
1584 590 1893 657 fidelium
1931 590 2448 658 Defunctorum
2482 590 2521 668 ¹;

477 701 569 748 em
613 678 891 759 amulto,
939 679 1343 765 anticipatio
1378 678 1782 765 hujusmodi
1815 680 2229 747 conceditur
2269 680 2342 745 in
2377 678 2523 766 qui-

481 769 782 837 busdam
827 769 986 853 anni
1034 767 1257 849 festis,
1306 777 1384 833 ut
1436 769 1681 836 fideles
1715 769 2129 836 assistentes
2160 767 2527 855 Indulgen-

478 859 614 925 tias
661 857 917 924 lucrari
965 867 1245 943 queant,
1297 868 1373 922 ut
1406 880 1472 924 v.
1507 880 1577 945 g.
1614 858 1683 924 in
1718 857 1905 925 festo
1939 869 2010 925 et
2043 879 2169 943 per
2200 868 2525 923 octavam

478 946 617 1016 SS.
668 945 1010 1032 Corporis
1054 945 1343 1027 Christi,
1393 946 1464 1012 in
1500 946 1684 1013 festo
1718 946 1854 1017 SS.
1889 946 2149 1014 Cordis
2171 946 2367 1031 Jesu,
2400 956 2527 1012 etc,

617 1034 880 1101 Verum
929 1034 1211 1103 Laudes
1260 1057 1299 1100 a
1346 1034 1693 1103 Matutino
1742 1034 2018 1123 sejungi
2068 1056 2207 1101 non
2246 1034 2527 1113 debent,

481 1125 541 1191 si
593 1123 923 1190 Officium
973 1124 1281 1211 excipias
1313 1123 1717 1192 Nativitatis
1749 1125 2059 1203 Domini,
2092 1124 2163 1190 in
2198 1146 2345 1211 quo
2378 1122 2523 1189 Ma·

483 1214 779 1279 tutinum
831 1213 1083 1279 dicitur
1131 1224 1291 1279 ante
1341 1213 1633 1280 Missam
1669 1215 1923 1282 mediae
1957 1213 2205 1293 noctiS,
2242 1234 2409 1299 quae
2440 1234 2527 1278 ex

481 1301 708 1368 tribus
754 1302 979 1390 prima
1027 1313 1155 1382 est,
1205 1313 1275 1369 et
1319 1301 1602 1369 Laudes
1651 1314 1809 1389 post
1856 1302 2147 1370 Missam
2199 1303 2525 1369 eamdem

487 1401 891 1457 recitantur.

599 1479 820 1547 Horae
872 1479 1183 1545 minores
1232 1479 1469 1546 Prima
1518 1490 1588 1546 et
1634 1478 1879 1547 Tertia
1935 1480 2263 1547 dicuntur
2332 1500 2531 1567 regu-

481 1566 724 1635 lariter
766 1579 922 1633 ante
970 1568 1257 1635 Missam
1310 1568 1910 1649 Conventualem;
1945 1568 2162 1637 Sexta
2198 1579 2269 1635 et
2298 1566 2525 1646 Nona,

483 1662 647 1744 post
694 1669 871 1737 eam,
921 1656 1046 1723 sed
1096 1679 1344 1725 omnes
1398 1670 1555 1724 ante
1604 1658 1994 1725 meridiem.
2045 1656 2365 1723 Dicimus
2416 1657 2531 1722 hic

481 1767 766 1833 quoque
815 1744 1250 1834 regulariter,
1298 1748 1466 1833 quia
1511 1746 1907 1834 aliquandO,
1978 1770 2045 1813 v,
2094 1767 2165 1845 g.
2235 1746 2305 1811 in
2379 1743 2530 1811 Ad-

484 1845 722 1914 ventu,
795 1834 1393 1921 Quadragesima,
1472 1836 1732 1922 vigiliis
1802 1858 1962 1902 cum
2025 1834 2320 1921 jejuniO,
2394 1846 2527 1900 etc.

483 1922 705 1990 Missa
774 1921 1279 1991 Conventualis
1351 1925 1437 1991 de
1508 1936 1831 2012 tempore
1905 1924 2302 1991 celebratur
2372 1935 2533 2009 post

479 2012 784 2080 Nonam.

620 2100 959 2256 Vesperae
1007 2102 1328 2169 dicuntur
1374 2114 1535 2190 post
1581 2103 1987 2183 meridiem;
2040 2101 2170 2168 sed
2207 2101 2531 2185 Quadra-

485 2191 810 2277 gesimai
857 2202 1199 2278 tempore,
1248 2215 1288 2258 a
1336 2191 1652 2261 Sabbato
1709 2193 1900 2279 quod
1974 2191 2316 2279 praecedit
2384 2189 2529 2256 Do-

487 2279 812 2346 minicam
846 2279 918 2360 1.,
968 2291 1125 2347 ante
1160 2281 1523 2348 meridiem
1557 2281 1865 2366 persolvi
1902 2281 2179 2360 debent,
2214 2279 2531 2366 exceptis

484 2380 719 2435 tamen
769 2367 1161 2436 Dominicis
1207 2368 1320 2454 (cf.
1371 2393 1437 2436 n.
1493 2370 1662 2456 176).

621 2456 1177 2544 Completorium
1227 2458 1363 2525 dici
1409 2469 1643 2545 potest
1701 2458 2107 2525 immediate
2171 2466 2333 2544 post
2386 2455 2528 2522 Ve-

490 2567 757 2633 speraS,
806 2568 1162 2634 nunquam
1209 2569 1386 2614 vero
1434 2557 1597 2613 ante
1647 2547 2034 2614 meridiem.

619 2634 950 2723 Episcopi
1000 2647 1070 2702 et
1117 2634 1403 2704 Praelati
1444 2646 1801 2722 nequeunt
1833 2636 2152 2703 ordinem
2190 2644 2527 2700 statutum

485 2727 556 2794 in
607 2725 984 2792 recitandis
1031 2723 1248 2792 Horis
1297 2725 1655 2791 canonicis
1703 2734 1993 2804 mutare,
2042 2723 2174 2790 nisi
2208 2744 2297 2789 ex
2322 2722 2524 2810 juxta

489 2834 723 2893 causa,
773 2824 845 2879 et
889 2814 1175 2900 quidem
1234 2814 1302 2879 in
1373 2835 1538 2880 casu
1610 2812 1844 2901 aliquo
1914 2810 2337 2900 particulari,
2388 2833 2525 2877 non

483 2922 661 2969 vero
710 2901 780 2966 in
830 2912 1266 2988 perpetuum,
1316 2902 1431 2968 vel
1467 2924 1596 2988 per
1626 2900 1917 2988 longum
1953 2913 2253 2988 tempus
2285 2899 2408 2981 At,
2444 2921 2529 2966 ex

488 2991 997 3058 consuetudine
1029 2990 1244 3077 longe
1292 2991 1607 3077 probata,
1642 3002 1876 3076 potest
1908 2989 2061 3056 fieri
2094 2999 2171 3055 ut
2202 2988 2381 3055 ordo
2412 2988 2527 3055 ille

484 3081 1010 3160 intervertatur,
1061 3078 1253 3166 quod
1300 3099 1552 3145 revera
1592 3079 1738 3167 jam
1789 3079 2085 3166 contigit
2114 3077 2351 3165 quoad
2380 3077 2527 3144 Ma-

485 3169 802 3249 tutinum,
853 3167 1044 3256 quod
1092 3189 1298 3250 nunc,
1349 3168 1595 3234 saltem
1644 3190 1683 3235 a
1717 3167 2013 3236 Clericis
2046 3165 2523 3245 saecularibuS,

481 3279 629 3323 non
679 3256 976 3343 amplius
1023 3269 1255 3338 noctu,
1307 3257 1433 3324 sed
1481 3278 1686 3323 mane
1746 3255 2193 3343 persolvitur.

587 3365 642 3429 1)
685 3361 996 3420 Coeremon.
1035 3365 1295 3436 Episcop.
1335 3364 1402 3419 L.
1440 3362 1524 3420 II.
1562 3380 1609 3422 c.
1648 3363 1721 3421 Χ.

2625 0 2687 375 i

2679 455 2696 634 *u—-m
