2713 4137
457 199 584 287 138
986 216 1076 265 DE
1122 216 1332 269 Missis
1384 224 1525 269 PRO
1556 218 1965 269 mar-uncus·

448 340 632 405 vivis
687 336 1096 427 applicetur,
1161 363 1373 429 quam
1423 337 1598 428 pro
1592 340 2005 423 DefunctiS,
2068 343 2125 408 si
2190 340 2322 429 pro
2391 345 2512 409 his

449 426 528 496 S.
577 426 1016 498 Sacrificium
1063 431 1471 531 applicetur,
1504 431 1936 522 intelligatur
1966 430 2306 498 concessa
2356 433 2515 519 ple-

451 519 647 584 naria
677 518 1142 605 indulgentia,
1168 538 1297 606 pro
1322 522 1505 587 vivis
1538 521 1626 586 ad
1652 516 1938 587 modum
1965 519 2508 606 jurisdictioniS,

449 628 579 692 pro
610 606 980 675 Defunctis
1015 608 1102 674 ad
1139 606 1423 675 modum
1456 607 1831 696 suffragii1
1841 661 1858 675 .
1894 638 1924 669 ›
1978 608 2355 709 perempta
2398 612 2513 677 sic

448 696 729 764 videtur
772 708 1138 783 tantopere
1171 699 1526 791 exagitata
1559 700 1861 799 quaestio
1912 698 2000 765 de
2052 700 2511 797 separatione

447 784 934 883 applicationis
965 784 1493 873 Indulgentiae,
1522 788 1589 854 vi
1639 786 1993 875 privilegii
2065 810 2216 853 slve
2252 787 2511 869 realiS,

453 896 608 1029 srvit}l
629 875 1044 975 personalis,
1093 877 1182 941 ab
1215 877 1683 963 applicatione
1713 876 1983 943 fructus
2017 877 2229 981 medii
2265 875 2349 943 S.
2380 876 2515 945 Sa-

453 984 556 1029 cri
613 965 724 1033 cii.
2499 987 2513 997 “

589 1054 735 1140 164.
783 1053 938 1121 Huc
989 1065 1367 1119 revocatur
1414 1054 1622 1119 etiam
1673 1056 1786 1139 pia
1858 1054 1974 1120 illa
2036 1055 2273 1141 praxis
2338 1075 2511 1120 con:

453 1142 744 1209 sistens
758 1143 823 1208 in
859 1140 1335 1208 celebratione
1370 1144 1677 1237 triginta
1720 1143 2119 1223 Missarum,
2156 1166 2319 1230 quae
2352 1144 2513 1209 vul-

453 1252 548 1316 go
601 1230 1054 1319 Gregorzanae
1100 1230 1451 1325 dicuntur.
2502 1256 2515 1263 “

591 1317 970 1407 Originem
1043 1320 1259 1385 habet
1329 1342 1369 1386 a
1413 1322 1723 1407 quodam
1772 1321 1957 1387 facto
2007 1320 2085 1389 S.
2160 1320 2512 1407 Gregorii

449 1407 716 1495 Magni,
783 1430 925 1507 quo
989 1420 1309 1495 tempore
1376 1409 1528 1495 ipse
1622 1421 1929 1496 praeerat
1997 1409 2373 1477 Monachis
2432 1432 2508 1475 m

449 1496 887 1564 Monasterio
941 1496 1202 1563 Montis
1237 1496 1463 1591 Coelii.
1494 1498 1787 1565 Factum
1836 1512 1943 1565 est
1992 1498 2459 1585 hujusmodi²

453 1584 635 1653 Cum
720 1588 1110 1652 monachus
1190 1586 1473 1654 nomine
1555 1587 1797 1689 Justus
1877 1600 2196 1655 mortuus
2266 1600 2515 1667 esset,

451 1674 530 1743 S.
577 1674 977 1761 Gregorius
1028 1677 1358 1741 misertus
1407 1689 1514 1743 est
1562 1676 1715 1763 ejus
1766 1688 2008 1758 status,
2059 1676 2223 1763 quia
2266 1677 2517 1744 fassus

451 1766 637 1831 erat
669 1786 828 1831 sese
875 1786 1178 1851 gravem
1249 1765 1636 1832 offendisse
1686 1730 2030 1866 regulani.
2078 1766 2295 1833 Hinc
2310 1767 2517 1834 Prae-

453 1855 709 1920 tiosum
789 1856 1212 1920 monachum
1280 1856 1655 1921 accersivit
1726 1857 1955 1942 eique
2011 1856 2233 1923 dixit:
2315 1856 2519 1924 Vade

453 1944 682 2027 ztaque
755 1941 840 2007 ab
896 1941 1223 2008 hodierna
1301 1944 1411 2009 dze
1487 1943 1722 2009 dzebus
1796 1946 2087 2034 traejgz'nta
2168 1945 2514 2013 conti‘nuzs

452 2031 709 2134 offerre
746 2040 879 2119 pro
911 2054 1000 2098 eo
1031 2030 1532 2116 Sacrzfic1':um
1576 2034 1775 2100 stude
1820 2044 1898 2101 ut
1940 2032 2206 2102 nullus
2215 2042 2515 2121 proetefi

455 2123 780 2188 mittatur
809 2121 976 2202 dzeS,
1025 2144 1177 2207 (μισ,
1216 2134 1348 2212 pro
1396 2121 1813 2189 absolutione
1845 2123 2050 2204 i‘llzuS,
2102 2123 2360 2189 Hostia
2392 2148 2519 2192 sa-

454 2210 707 2277 lutam's
785 2233 918 2275 non
961 2174 1369 2280 'emmoletun
1420 2211 1591 2278 Post
1667 2210 1957 2299 triginta
2036 2177 2189 2281 ’dies
2271 2211 2516 2295 Justus

453 2320 804 2398 apparens
865 2299 1065 2366 fratri
1131 2323 1259 2368 suo
1321 2322 1618 2368 monaco
1664 2301 2000 2388 Copioso,
2052 2303 2257 2388 eique
2308 2304 2510 2370 sisci-

452 2389 624 2456 tanti
674 2389 1034 2474 quomodo
1116 2412 1192 2456 se
1260 2393 1523 2457 habere
1597 2390 2005 2478 respondit:
2082 2391 2519 2478 Nuncusqu'e

452 2476 629 2544 male
655 2477 808 2564 fui,
859 2477 986 2542 sed
1007 2479 1170 2565 jam
1220 2478 1416 2546 modo
1465 2477 1623 2544 bene
1654 2503 1863 2557 sum,·
1896 2481 2061 2564 quia
2093 2479 2287 2545 hodie
2328 2501 2512 2550 com-

451 2567 837 2634 munionem
881 2567 1114 2652 recept.
1159 2567 1446 2660 Fratres
1493 2591 1665 2636 vero
1701 2579 2282 2656 computaverunt
2327 2571 2510 2653 dies,

453 2669 524 2722 et
562 2676 714 2741 ipse
763 2655 914 2720 dies
961 2658 1344 2739 exstiterat,
1379 2657 1521 2745 quo
1555 2681 1685 2744 pro
1719 2681 1806 2724 eo
1841 2659 2207 2752 trigesima
2241 2659 2513 2776 oblatio

451 2744 684 2812 fuerat
737 2743 1042 2829 impleta.

553 2831 860 2928 Exinde
911 2833 1154 2900 fideles
1196 2835 1491 2920 speciali
1542 2836 1921 2902 devotione
1974 2847 2043 2901 et
2090 2836 2347 2904 fiducia
2397 2861 2511 2904 cu-

451 2925 638 3010 pere
670 2935 1039 3008 coeperunt
1086 2935 1162 2988 ut
1209 2924 1451 2990 Missae
1503 2946 1631 3024 pro
1682 2925 1827 2990 suis
1876 2923 2250 2991 Defunctis
2285 2948 2505 3021 super

451 3011 700 3076 Altare
749 3011 1294 3091 celebrarentur,
1347 3013 1539 3100 quod
1589 3037 1657 3079 1n
1706 3013 2050 3080 Ecclesia
2068 3013 2234 3081 dicti
2268 3010 2515 3082 Mona-

453 3100 646 3166 sterii
695 3101 1036 3180 exstabat,
1085 3102 1419 3188 quodque
1452 3103 1680 3168 serius
1712 3101 1865 3170 RR.
1914 3101 2295 3181 Pontifices
2359 3104 2515 3195 plu-

451 3189 656 3254 ribus
702 3187 1186 3276 indulgentiis,
1222 3202 1292 3278 et
1325 3192 1787 3294 potissimum
1792 3192 2133 3277 plenaria,
2170 3191 2514 3266 ditarunt.

558 3315 608 3382 1)
647 3312 709 3369 S.
749 3313 811 3368 C.
852 3312 1082 3384 Indulg.
1119 3330 1191 3384 25
1229 3315 1387 3386 Aug.
1427 3316 1619 3386 1897.
2165 3325 2167 3328 ’

550 3387 607 3454 2)
645 3387 710 3443 S.
749 3389 1104 3464 Gregorius
1142 3389 1223 3442 Μ.
1269 3387 1570 3458 Dialogor.
1612 3387 1680 3442 L.
1718 3387 1819 3442 IV.
1858 3405 1907 3442 c.
1946 3387 2071 3444 LV.
2166 3392 2172 3401 ²
