2713 4137
433 242 523 289 DE
567 206 952 291 Nonnuuas
1000 241 1294 293 orncns
1338 244 1951 295 muncummssus
2079 246 2207 317 115

153 362 452 451 quidem
502 365 902 434 indistincte
950 366 1083 434 sub
1130 366 1270 433 ritu
1316 364 1613 436 Semidu
1665 367 1778 437 lici
1826 366 1995 439 illud
2052 390 2201 457 per·

159 453 509 536 solvitur;
543 454 601 522 si
634 454 915 522 tandem
951 454 1124 522 ritus
1157 456 1248 522 sit
1274 454 1557 543 Duplex
1586 389 1669 525 If.
1702 456 1820 526 vel
1848 456 1901 526 1.
1933 456 2201 541 classis,

155 542 504 615 Officium
569 543 984 611 eorumdem
1061 544 1326 630 pariter
1377 556 1718 634 perpetuo
1786 545 2209 617 transfertur

150 644 232 701 et
275 634 576 721 absque·
598 632 794 701 ritus·
821 632 1213 700 mutan‘une
1252 635 1619 721 peragitur
1666 635 1710 704 ¹.

297 719 681 809 Exempla:
728 720 863 789 Die
916 722 998 789 18
1034 720 1195 807 Julii
1243 732 1354 790 est
1397 721 1658 792 festum
1717 721 1797 793 S.
1844 722 2205 813 Sympho—

155 833 350 879 rosae
384 833 544 879 cum
578 822 848 898 septem
902 809 1062 879 filiis
1108 809 1282 900 ejus,
1331 812 1465 879 sub
1500 813 1637 879 ritu
1681 811 2024 901 Simplici.
2056 812 2196 883 Ubi

151 900 238 971 S.
285 899 787 988 Symphorosa
833 910 1100 967 tantum
1151 910 1259 967 est
1303 898 1613 969 Patrona
1659 900 1816 982 loci,
1865 900 2019 989 ejus
2073 900 2196 971 filii

154 1010 611 1079 nequaquam
658 989 749 1056 ab
795 1010 880 1056 ea
930 988 1447 1077 disjunguntur,
1494 990 1625 1058 sed
1673 989 1881 1059 simul
1922 1010 2085 1065 cum
2117 1010 2206 1059 ea

158 1078 516 1160 coluntur,
546 1077 797 1146 eadem
821 1077 955 1158 die,
981 1077 1379 1167 eodemque
1405 1078 1543 1146 ritu
1574 1079 1864 1168 proprio
1895 1076 2209 1162 Patroni,

158 1189 292 1235 seu
343 1166 624 1255 Duplici
670 1166 723 1235 1.
771 1164 1039 1235 classis.

297 1255 437 1325 Die
489 1279 569 1345 13
599 1254 910 1341 Augusti
943 1254 1278 1325 recolitur
1305 1256 1648 1324 memoria
1678 1255 1798 1327 83.
1839 1255 1929 1326 Hi
1982 1254 2206 1347 polyti

156 1356 231 1413 et
277 1344 630 1426 Cassiani,
674 1343 1090 1431 Martyrum,
1135 1345 1275 1411 ritu
1320 1344 1662 1434 Simplici.
1718 1344 1857 1415 Ubi
1966 1398 1983 1414 .
2030 1344 2207 1415 Cas·

159 1436 409 1502 sianus
484 1444 755 1501 tantum
829 1441 940 1500 est
1005 1433 1378 1515 PatronuS,
1449 1434 1539 1503 de
1607 1456 1695 1503 eo
1765 1433 2213 1503 solummodo

155 1524 420 1611 agitur,
470 1544 554 1590 ea
600 1522 736 1603 die,
782 1520 1062 1603 festum,
1111 1524 1244 1590 sub
1290 1524 1431 1591 ritu
1487 1521 1766 1612 Duplici
1809 1522 1861 1593 1.
1910 1523 2160 1592 classis
2184 1545 2203 1605 ;

165 1612 256 1680 de
306 1610 387 1681 S.
434 1608 698 1700 Hippol
778 1632 844 1692 0,
877 1611 989 1679 cui
1027 1609 1144 1679 ille
1189 1613 1468 1680 nonnisi
1515 1633 1646 1700 per
1674 1611 2007 1681 accidens
2042 1630 2210 1681 con·

144 1701 279 1789 jun
339 1702 499 1783 itur,
548 1699 694 1768 nihi
764 1698 862 1782 fit,
907 1722 1126 1787 quum
1155 1700 1332 1768 ritus
1366 1700 1522 1791 ejus
1554 1702 1645 1770 sit
1675 1699 2019 1803 Simplex

368 1790 436 1856 ie
509 1788 599 1857 28
658 1787 822 1874 Julii
883 1800 994 1857 est
1067 1788 1328 1857 festum
1405 1789 1525 1860 Ss.
1600 1788 1905 1873 Nazarii,
1983 1787 2199 1872 Celsi,

154 1876 492 1959 VictoriS,
526 1876 934 1959 Innocentii,
969 1877 1144 1945 ritus
1174 1876 1474 1948 Semidu
1525 1878 1697 1947 licis.
1731 1878 1876 1949 Ubi
1911 1876 2031 1948 Ss.
2060 1877 2205 1946 Na-

152 1968 392 2035 zarius
439 1977 510 2034 et
555 1965 810 2036 Celsus
857 1976 1021 2033 sunt
1064 1967 1369 2048 Patroni,
1440 1990 1482 2035 a
1602 1968 1705 2035 eis
1776 1978 2199 2056 separantur

158 2055 280 2127 83.
327 2054 578 2124 Victor
623 2065 693 2124 et
738 2054 1185 2125 Innocentius
1231 2067 1303 2124 et
1348 2057 1604 2126 horum
1652 2055 1913 2126 festum
1958 2056 2197 2146 agitur

153 2147 389 2233 prima
434 2145 550 2213 die
596 2145 840 2226 libera,
891 2146 1023 2213 sub
1069 2146 1209 2213 ritu
1257 2144 1751 2234 Semiduplici.

297 2234 434 2303 Die
479 2256 568 2302 20
604 2233 916 2320 Januarii
965 2234 1287 2322 signatur
1328 2235 1593 2303 festum
1638 2234 1756 2305 Ss.
1801 2233 2087 2306 Fabiani
2132 2245 2205 2304 et

157 2324 582 2404 Sebastiani,
647 2322 1063 2410 Martyrum,
1118 2323 1294 2392 ritus
1335 2323 1655 2413 Duplicis
1700 2324 2015 2396 minoris.
2063 2325 2205 2396 Ubi

165 2412 360 2482 solus
407 2411 486 2481 S.
532 2411 887 2480 Fabianus
933 2422 1043 2480 est
1085 2412 1456 2492 Patronus»,
1506 2411 1930 2501 disjungitur
1974 2414 2066 2484 ab
2110 2436 2199 2484 eo

162 2502 240 2572 S.
274 2500 764 2582 Sebastianus,
812 2500 1013 2589 cujus
1060 2499 1319 2568 festum
1366 2501 1766 2570 celebratur
1811 2501 1925 2570 die
1973 2504 2201 2592 prima

156 2592 401 2671 libera,
449 2600 521 2657 et
546 2587 852 2746 ¹Quidem
902 2589 1035 2657 sub
1082 2589 1220 2656 ritu
1266 2587 1727 2678 Semiduplici
1774 2600 2062 2661 tantum.

289 2679 426 2748 Die
480 2699 511 2746 1
622 2677 716 2766 aji
746 2677 825 2746 fit
853 2677 1112 2746 festum
1143 2676 1261 2748 Ss.
1291 2676 1525 2766 Philip
1576 2678 1598 2745 i
1633 2689 1705 2747 et
1725 2677 1972 2764 jacobi
2002 2681 2194 2770 Apo·

151 2770 518 2848 stolorum,
567 2767 705 2837 ritu
753 2765 1030 2855 Duplici
1075 2765 1158 2834 ΙΙ.
1206 2767 1477 2836 classiS.
1597 2767 1664 2835 bi
1696 2768 1891 2836 solus
1920 2768 2000 2839 S.
2032 2768 2194 2839 Phi·

152 2858 382 2948 lippus
430 2865 539 2923 est
585 2855 952 2937 Patronus,
1010 2855 1431 2924 transfertur
1497 2856 1763 2925 festum
1825 2855 1904 2928 S.
1942 2857 2190 2945 jacobi

156 2947 225 3014 in
271 2945 482 3014 aliam
528 2944 738 3027 diem,
764 2946 926 3012 etin
955 2945 1088 3014 hac
1117 2944 1408 3035 quidem
1440 2947 1673 3034 agitur
1707 2947 1843 3015 ritu
1885 2951 2200 3036 proprio,

157 3056 276 3104 seu
333 3033 612 3122 Duplici
657 3033 741 3104 11.
800 3034 1069 3104 classiS.

285 3123 374 3192 E·
416 3138 679 3206 contra,
724 3122 922 3194 Socii
972 3122 1262 3193 Patroni
1332 3125 1566 3193 minus
1634 3123 2035 3214 principalis
2102 3127 2201 3196 ab

155 3235 240 3283 eo
289 3233 434 3281 non
480 3223 916 3302 separantur,
963 3233 1415 3304 quocumque
1462 3212 1675 3282 modo
1722 3213 1863 3282 sint
1909 3213 1974 3284 ei
2020 3235 2195 3284 con·

251 3409 313 3479 1)
340 3406 432 3465 ef.
469 3403 739 3468 Breviar.
776 3403 949 3467 Rom.
975 3411 1117 3482 post
1149 3409 1267 3468 tab.
1308 3409 1555 3469 Occurr.
1592 3426 1653 3471 n.
1690 3411 1749 3468 8.
