2713 4137
613 198 702 243 DE
749 198 989 244 D1V1No
1038 199 1314 245 orriclo
1363 200 1434 245 m
1482 199 1716 245 SPEcuz
2085 200 2175 267 95

260 320 548 387 Alicubi
599 322 811 387 etiam
861 321 1312 408 privilegium
1378 322 1787 389 conceditur
1858 324 1952 389 ita
2000 324 2183 392 cele-

131 409 379 477 brandi
433 420 757 477 octavam
792 410 1217 497 hujusmodi,
1252 421 1329 476 ut
1359 409 1543 477 infra
1575 433 1733 477 eam
1768 433 1909 478 non
1944 412 2185 480 admit-

127 509 369 565 tantur
396 499 529 565 nisi
566 496 891 585 Duplicia
922 498 974 565 Ι.
1009 510 1080 565 et
1108 498 1191 565 11.
1227 500 1495 579 classiS,
1532 500 1682 566 sive
1716 504 2182 583 occurrentia,

130 588 280 653 sive
329 587 690 653 translata.
736 587 886 654 Imo
935 598 1007 655 et
1069 588 1205 655 alio
1265 588 1521 676 potiori
1584 588 1958 689 privilegio
2022 591 2184 657 insi-

126 676 315 776 gmniri
365 686 601 762 potest
650 688 901 743 octava
951 677 1222 757 eadem,
1272 699 1526 765 nempe
1574 690 1650 743 ut
1713 679 1801 744 ab
1866 679 2017 765 ipsa
2073 702 2181 746 re-

125 766 474 852 cipiantur
505 776 774 831 tantum
805 765 1129 851 Duplicia
1184 765 1234 833 I.
1290 766 1539 833 classis
1573 766 1686 832 vel
1718 769 2180 848 occurrentia,

127 853 241 919 vel
287 865 636 941 perpetuo
684 853 1039 935 translata,
1085 866 1161 920 ut
1191 856 1555 942 proprium
1584 867 1691 921 est
1713 866 1985 922 octavae
2021 855 2181 943 Epi-

125 942 409 1029 phaniae
457 940 573 1025 (cf.
623 964 688 1010 n.
744 948 893 1029 104)
923 941 1080 1009 Hoc
1113 964 1282 1009 casu
1314 942 1605 1031 reliquae
1639 955 1910 1010 octavae
1944 966 2180 1011 occur-

126 1044 364 1097 rentes
413 1052 699 1097 cessare
748 1032 1031 1099 debent.

255 1119 334 1186 In
390 1120 646 1205 quovis
695 1130 926 1187 autem
978 1142 1166 1201 casu,
1218 1120 1355 1187 diei
1404 1120 1587 1188 infra
1636 1132 1961 1187 octavam
2011 1120 2180 1189 Cor-

129 1210 320 1295 poris
372 1207 642 1277 Christi
693 1210 1272 1276 commemoratio
1321 1210 1574 1297 agitur.

257 1296 439 1363 Dies
489 1308 740 1364 octava
789 1297 1131 1385 Corporis
1181 1296 1449 1365 Christi
1496 1310 1603 1365 est
1652 1298 1827 1365 ritus
1859 1298 2179 1386 Duplicis

128 1385 447 1466 minoriS,
497 1385 625 1452 sed
673 1387 744 1452 in
793 1386 1234 1453 occurrentia
1267 1388 1454 1453 cedit
1485 1397 1755 1455 tantum
1785 1387 1968 1453 festo
2002 1388 2177 1454 ritus

126 1472 448 1573 Duplicis
529 1474 578 1541 Ι.
658 1475 903 1542 classis
955 1476 1020 1555 ¹;
1086 1474 1154 1540 in
1226 1476 1718 1543 concurrentia
1788 1476 2177 1563 applicatur

126 1564 455 1650 exceptio
506 1563 807 1630 indicata
855 1586 923 1631 n.
973 1586 1079 1651 73.

256 1652 405 1719 Per
474 1664 691 1718 totam
766 1652 1136 1733 Octavam,
1189 1652 1432 1753 hymni
1504 1653 1763 1719 habent
1818 1654 2176 1739 propriam

128 1740 712 1808 conclusionem.
743 1742 941 1824 Jesu,
990 1739 1116 1807 ti'bz
1155 1742 1250 1807 sat
1269 1740 1505 1829 glorta
1538 1781 1626 1789 —
1671 1740 1819 1825 Qut
1858 1750 2064 1807 natus
2106 1764 2178 1808 es

124 1827 200 1893 de
259 1830 358 1896 V
324 1851 575 1917 zrgme
627 1841 760 1897 etc.

259 1920 414 1985 128.
462 1917 691 1985 Periae
744 1918 858 1985 VI.
909 1929 1068 2005 post
1116 1928 1438 1984 octavam
1503 1917 1844 2005 Corporis
1908 1917 2175 1985 Christi

127 2019 227 2073 est
273 2008 718 2095 assignatum
746 2008 1025 2096 festum
1075 2006 1213 2076 SS.
1266 2005 1511 2076 Cordz's
1538 2008 1737 2091 jesu,
1808 2005 1999 2095 quod
2069 2017 2177 2076 est

128 2096 296 2163 ritus
349 2096 672 2183 Duplicis
719 2098 770 2165 Ι.
819 2096 1064 2164 classis
1115 2106 1185 2162 et
1217 2097 1729 2196 secundarium,
1764 2097 1952 2164 unde
1985 2097 2173 2163 cedit

128 2183 325 2252 festis
375 2184 695 2270 ejusdem
748 2187 925 2252 ritus
995 2185 1368 2272 primariiS,
1433 2187 1689 2272 quibus
1755 2207 2004 2272 reapse
2067 2207 2175 2251 oc-

128 2276 598 2355 currentibuS,
669 2273 836 2341 illud
906 2273 1333 2340 transfertur
1401 2275 1469 2340 in
1537 2275 1724 2340 diem
1774 2275 2173 2340 immediate

131 2374 569 2450 sequentem,
617 2363 836 2430 veluti
886 2364 954 2428 in
1002 2361 1246 2428 sedem
1295 2364 1649 2449 propriam
1702 2362 1747 2429 ².

252 2451 397 2518 Die
445 2452 878 2539 praecedenti
926 2473 1066 2538 qua
1112 2450 1190 2517 fit
1238 2451 1572 2519 Officium
1622 2453 1711 2518 de
1760 2452 1873 2519 die
1922 2463 2169 2518 octava

129 2536 471 2628 Corporis
522 2540 819 2619 Christi,
870 2541 986 2606 vel
1018 2561 1177 2606 cum
1226 2540 1436 2627 hujus
1484 2541 2172 2620 commemoratione,

131 2630 494 2729 sequentis
517 2629 679 2696 festi
704 2592 842 2698 SS’.
869 2629 1129 2696 Cordis
1143 2628 1312 2714 jesu
1345 2631 1919 2696 commemoratio
1954 2629 2177 2695 exclu-

131 2716 313 2784 ditur
365 2720 436 2784 in
491 2717 910 2806 Vesperis⁸
958 2717 1072 2805 (cf.
1129 2740 1197 2784 n.
1245 2739 1353 2806 79,
1403 2723 1613 2803 nota).

475 3217 587 3270 i.ar
625 3213 800 3272 Rom.
839 3215 1019 3270 Rubr.
1056 3224 1200 3288 spec.
1241 3219 1371 3269 ante
1397 3215 1537 3284 fest.
1590 3213 1756 3284 Corp.
1798 3213 2028 3269 Christi.

532 3285 599 3414 ἓ.
635 3286 811 3341 Decr.
850 3286 996 3340 Urb.
1035 3297 1095 3340 et
1133 3285 1275 3339 Orb.
1310 3285 1571 3355 28Junii
1613 3287 1766 3354 1889,
1807 3303 1863 3340 n.
1906 3302 2070 3355 3712.

313 3215 410 3270 Br
373 3232 494 3270 reve

316 3287 382 3413 ξ.
418 3287 496 3412 ἓ.
631 3375 704 3428 27
742 3357 918 3412 Mart.
959 3359 1114 3428 1824,
1154 3374 1212 3411 n.
1247 3357 1408 3426 2632,
1448 3356 1524 3410 ad
1571 3355 1644 3412 ΙΙ.

223 3233 249 3270 1

222 3291 278 3356 2)

223 3376 258 3428 3

260 3362 280 3430 )
