2713 4137
509 199 600 266 66
781 221 868 265 DE
914 221 1424 268 RELATIONJBUS
1473 218 1900 268 OFFICIORUM
1949 220 2151 267 INTER
2208 221 2286 266 SE

1379 475 1649 546 CAPUT
1696 477 1772 546 V.

810 605 940 684 De
999 603 1533 685 Calendario
1589 605 2268 686 Ecclesiastico,

634 795 744 861 82.
793 791 1178 880 Postquam
1227 793 1514 880 regulas
1559 793 1999 874 tradidimUS,
2048 795 2306 882 quibus
2374 794 2541 861 mul-

505 883 720 971 tiplex
797 882 1304 950 determinatur
1374 882 1789 951 officiorum
1872 883 2057 949 inter
2134 905 2211 950 56
2277 882 2541 964 relati0,

505 973 792 1039 modum
843 971 954 1036 hic
1005 971 1433 1057 attingimus,
1483 993 1625 1059 quo
1658 972 1910 1038 eadem
1945 970 2202 1039 Officia
2237 973 2333 1038 ita
2382 985 2539 1038 sunt

505 1083 634 1148 per
678 1058 995 1145 singulos
1053 1060 1202 1126 dies
1281 1060 1735 1147 disponenda,
1810 1073 1883 1126 ut
1956 1062 2209 1128 seriem
2282 1063 2540 1128 consti-

507 1161 704 1217 tuant
719 1149 917 1236 juxta
943 1147 1289 1215 Rubricas
1319 1149 1708 1216 ordinatam
1744 1161 1813 1215 et
1847 1171 2090 1216 norma
2124 1159 2317 1216 certa
2352 1151 2542 1216 exhi-

506 1240 754 1305 beatur
799 1237 1144 1317 omnibus,
1194 1239 1314 1324 qui
1378 1237 1610 1306 Horas
1660 1238 2037 1304 canonicas
2102 1239 2398 1305 recitare
2447 1251 2546 1306 te-

503 1340 778 1405 nentur,
827 1325 917 1392 ad
965 1326 1133 1392 satis
1184 1328 1457 1394 muneri
1508 1348 1635 1392 suo
1695 1325 2114 1393 faciendum.

637 1415 813 1483 Haec
862 1414 1082 1481 series
1130 1417 1452 1483 ordinata
1500 1414 1921 1482 Officiorum
1969 1427 2264 1483 vocatur
2316 1415 2543 1485 Calen-

503 1503 780 1572 darzum
827 1501 1394 1586 Ecclesz'astzkum,
1445 1505 1558 1571 vel
1620 1502 2101 1585 Dzrectorium,
2166 1505 2280 1572 vel
2336 1504 2543 1586 Ordo,

502 1605 574 1660 et
621 1593 952 1660 dividitur
998 1593 1066 1658 in
1107 1602 1505 1680 perpetuum
1554 1604 1627 1661 et
1672 1591 1983 1673 annuale,
2040 1595 2109 1660 in
2162 1593 2544 1660 universale

505 1694 575 1750 et
610 1679 1053 1769 particulare,
1106 1703 1231 1748 seu
1268 1685 1652 1769 proprzum.

631 1772 741 1860 83.
793 1769 1292 1838 Calendarium
1314 1780 1717 1858 perpetuum
1750 1770 1919 1838 illud
1947 1781 2072 1850 est,
2100 1771 2290 1858 quod
2326 1772 2544 1839 5611161

499 1883 630 1948 pro
679 1881 960 1946 semper
1005 1861 1094 1925 ab
1140 1858 1553 1946 Apostolica
1599 1860 1813 1938 Sede,
1863 1859 1977 1926 vel
2024 1881 2153 1946 pro
2216 1871 2362 1926 tota
2428 1860 2545 1927 Ec-

499 1949 734 2029 clesia,
782 1947 896 2015 vel
943 1969 1070 2033 pro
1135 1947 1408 2017 Ordine
1481 1949 1713 2036 aliquo
1783 1948 2171 2035 Religioso,
2244 1949 2361 2015 vel
2415 1971 2543 2036 pro

499 2038 802 2126 quadam
849 2035 1182 2118 Dioecesi,
1230 2035 1361 2104 fuit
1410 2040 1881 2120 constitutum,
1918 2038 2030 2105 vel
2078 2037 2543 2139 adprobaturn

501 2139 572 2194 et
619 2128 906 2195 exhibet
932 2125 1113 2193 festa
1147 2137 1216 2193 et
1249 2126 1528 2209 Officia,
1558 2150 1719 2215 quae
1774 2126 2064 2213 singulis
2098 2128 2348 2194 diebus
2381 2130 2541 2195 anni

495 2218 632 2286 fixe
681 2215 1148 2302 assignantur.

630 2303 1126 2373 Calendarium
1179 2303 1472 2370 annuale
1535 2304 1807 2404 perficit
1870 2316 2306 2404 perpetuum,
2372 2328 2538 2393 qua·

496 2404 700 2461 tenus
749 2394 911 2460 huic
962 2392 1174 2473 addit,
1209 2393 1275 2458 in
1323 2415 1551 2480 eoque
1586 2394 1831 2460 inserit
1864 2405 1933 2459 et
1966 2396 2112 2460 51115
2146 2392 2320 2460 locis
2352 2405 2540 2481 aptat

493 2482 923 2563 Dominicas,
993 2481 1306 2567 singulas
1378 2481 1841 2549 hebdomadae
1921 2480 2135 2549 ferias
2213 2493 2283 2548 et
2360 2482 2539 2549 festa

493 2574 730 2639 omnia
777 2569 1079 2650 mobilia,
1130 2580 1339 2657 prout
1388 2571 1682 2657 singulis
1730 2572 1927 2637 annis
1979 2581 2377 2652 occurrunt,
2430 2572 2537 2638 de·

494 2661 885 2765 pendenter
932 2683 972 2726 3
1019 2660 1202 2725 festo
1250 2658 1641 2739 PaschatiS,
1689 2659 1803 2726 vel
1849 2683 1889 2726 3
1938 2660 2048 2726 (116
2096 2660 2381 2726 111611515.

457 2797 463 2802 ·
627 2748 1125 2816 Calendarium
1175 2746 1577 2847 antversale,
1613 2770 1741 2835 pro
1778 2750 2099 2815 omnibus
2138 2759 2208 2815 et
2240 2748 2535 2835 singulis

491 2836 827 2905 Ecclesiis
861 2837 1067 2917 valet,
1103 2858 1264 2923 quae
1300 2839 1387 2904 ab
1423 2836 1575 2922 ejus
1610 2858 1742 2903 usu
1778 2860 1917 2903 non
1970 2847 2132 2903 sunt
2165 2849 2533 2923 exemptae,

493 2938 565 2993 et
611 2948 768 2994 esse
816 2937 1049 3014 potest
1109 2925 1226 2992 vel
1289 2937 1728 3013 perpetuum,
1786 2927 1899 2993 vel
1961 2925 2275 3006 annuale,
2333 2926 2534 3013 juxta

492 3016 1124 3172 ἃῃῒθίῖεῇξέἓπωω
1162 3101 1585 3189 partzculare
1618 3104 1733 3169 vel
1772 3104 2152 3189 prOprmm’
2202 3103 2372 3171 lund
2430 3113 2536 3171 est

489 3194 681 3278 Quod
727 3194 995 3260 inserta
1044 3193 1259 3259 habet
1325 3191 1507 3258 festa
1580 3204 1648 3258 et
1719 3191 1976 3260 Officia
2046 3214 2385 3261 concessa
2450 3216 2535 3260 ex

481 3284 662 3368 jure,
712 3282 824 3348 vel
875 3304 962 3348 ex
1009 3281 1298 3359 indulto,
1349 3280 1552 3346 alicui
1623 3280 1988 3368 Religioso
2063 3280 2341 3363 Ordini,
2415 3282 2530 3349 vel

487 3370 692 3438 3116111
766 3370 1101 3452 Dioecesi,
1182 3380 1318 3437 aut.
1378 3369 1779 3457 particulari
1862 3369 2215 3437 Ecclesiae.
2272 3369 2394 3452 Ita,
2446 3394 2535 3438 ex
