2713 4137
635 192 725 237 DE
771 190 1011 238 DIVINO
1061 190 1334 236 OFFICIO
1382 190 1449 236 IN
1497 189 1766 235 GENERE
2134 188 2220 253 27

172 335 340 378 rum
390 313 510 399 qui
543 322 725 393 ortu,
772 311 885 378 vel
933 311 1147 391 obitu,
1196 333 1510 392 munere,
1548 310 2069 398 praedicatione,
2106 311 2224 377 mi-

173 400 461 482 raculiS,
495 412 650 482 etc„
685 401 937 468 alicubi
984 400 1270 467 fuerunt
1314 400 1644 478 illustreS,
1695 399 1812 465 vel
1859 400 2026 466 inibi
2090 399 2225 466 Re-

171 490 400 577 liquia
449 512 696 556 eorum
729 490 1029 576 insignis
1059 501 1487 571 asservatur,
1521 488 1636 555 vel
1668 488 1756 554 ad
1811 488 2242 575 religionem.

175 579 488 666 aliquam
555 581 1062 666 pertinuerunt,
1114 590 1246 645 etc.
1299 579 1344 645 ¹.

310 667 582 735 Exinde
631 681 824 754 patet
854 667 1056 748 festa,
1091 680 1160 733 et
1192 677 1714 753 consequenter
1749 664 2026 746 Officia,
2060 688 2243 753 quae.

171 758 469 843 propria
519 768 700 836 sunt,
752 777 910 822 esse
958 778 1240 843 quoque
1290 755 1754 842 particularia,
1809 777 1944 820 non
1978 778 2019 820 e
2067 777 2223 821 con-

173 859 305 924 tra,
358 847 524 912 licet
563 846 751 912 haud
787 868 949 911 raro
986 848 1114 912 has
1147 847 1323 912 duas
1358 844 1979 911 determinationes
2016 843 2241 916 simul,

175 935 523 1001 confundi
576 936 1013 1022 reperiamus
1092 934 1277 1020 apud
1325 933 1702 1012 AuctoreS,
1761 954 1840 998 ac
1912 934 1970 998 si
2037 932 2224 998 nulla

177 1025 393 1090 detur
439 1025 624 1089 inter
673 1046 794 1090 eas
842 1024 1220 1090 distinctio,
2092 1093 2095 1098 ,

309 1116 378 1198 7)
425 1113 689 1177 ratione
734 1111 1189 1200 oblz‘gatiom'8‚
1239 1113 1306 1178 in
1345 1111 1777 1197 praeceptiva,
1812 1107 2238 1191 facultativa·

174 1211 244 1266 et
290 1202 396 1266 ad
434 1200 722 1267 libitum.
770 1201 1214 1288 Praeceptiva
1261 1201 1719 1284 imponuntur
1770 1201 2099 1265 omnibus
2134 1199 2233 1272 ad⁴

181 1312 366 1376 quos
414 1303 852 1377 praeceptum
901 1290 1146 1368 fertur,
1197 1291 1289 1355 ita
1338 1301 1415 1354 ut
1448 1290 1519 1355 hi
1552 1310 1686 1354 non
1735 1289 2018 1355 valeant
2065 1309 2228 1354 sese

175 1381 494 1444 eximere
544 1381 634 1447 ab
683 1380 1113 1465 obligatione
1161 1401 1243 1444 ea
1292 1377 1696 1444 celebrandi
1745 1378 1858 1443 vel
1905 1379 1975 1442 in
2024 1377 2224 1442 choro

173 1478 471 1546 tantum,
544 1468 727 1533 idest
795 1469 1030 1556 quoad
1087 1466 1423 1534 Officium
1475 1479 1544 1532 et
1590 1466 1899 1545 Missam,
1971 1467 2086 1532 vel
2156 1466 2227 1532 in

172 1557 332 1637 foro
413 1578 722 1644 quoque,
801 1559 985 1622 idest
1061 1559 1270 1623 etiam
1351 1578 1510 1622 cum
1591 1577 1810 1621 onere
1890 1555 2221 1620 audiendi

177 1645 476 1719 Missam
526 1659 596 1711 et
643 1646 1040 1712 abstinendi
1111 1648 1200 1711 ab
1249 1646 1583 1732 operibus
1651 1644 2049 1710 servilibus.
2096 1641 2150 1708 F
2155 1666 2226 1710 a-

176 1735 512 1801 cultativa
561 1757 649 1800 ex
703 1735 1036 1821 peculiari
1093 1735 1553 1800 concessione
1614 1733 2040 1811 recoluntur,
2098 1732 2233 1804 sed.

178 1825 505 1910 quamvis
554 1824 903 1910 acceptari
954 1824 1241 1909 possint,
1292 1822 1407 1888 vel
1453 1844 1613 1902 non,
1665 1821 1882 1887 semel
1915 1833 2144 1887 tamen
2190 1843 2232 1886 a

182 1913 573 1998 Superiore
622 1923 1002 1999 acceptata,
1051 1912 1369 1998 obligant
1429 1933 1674 1976 omnes
1740 1924 1809 1976 et
1864 1920 2221 1997 tamquam

184 2001 615 2088 praeceptiva
665 2001 1034 2067 habentur.
1067 2001 1185 2067 Ad
1232 2002 1503 2067 libitum
1541 2019 1899 2078 concessa,
1933 2001 2241 2088 quibus--

185 2092 340 2157 dam
391 2092 460 2155 in
510 2092 788 2156 casibus
816 2103 1106 2178 possunt
1140 2092 1252 2157 vel
1295 2091 1541 2169 omitti,
1589 2090 1707 2155 vel
1756 2089 2055 2165 recitari,
2092 2088 2219 2154 sed

187 2180 462 2245 nonnisi
512 2180 626 2245 die
673 2203 712 2244 a
759 2179 838 2248 S.
885 2179 1076 2249 Sede
1141 2181 1499 2265 assignata
1548 2191 1711 2244 sunt
1767 2177 2242 2257 celebranda„

194 2290 415 2348 secuS,
467 2268 526 2333 si
574 2269 1062 2355 impediantur,
1119 2281 1280 2333 sunt
1327 2268 1714 2333 omittenda
1766 2266 1811 2333 ².

319 2379 428 2445 34.
483 2356 760 2423 Octavoe
807 2370 965 2423 sunt
1013 2358 1312 2444 spatium
1347 2369 1509 2422 octo
1543 2356 1834 2435 dierum,
1868 2376 2009 2441 quo
2043 2354 2231 2427 festa

199 2447 614 2512 solemniora
664 2448 1178 2512 continuantur.
1229 2446 1463 2511 Prima
1513 2446 1665 2511 dies
1698 2457 1809 2510 est
1855 2445 2081 2530 ipsum
2131 2442 2240 2509 fe-.

201 2549 373 2601 stum
401 2558 417 2614 ;
457 2546 815 2620 postrema
863 2536 1117 2601 dicitur
1149 2534 1292 2600 dies
1339 2543 1607 2614 octava;
1642 2534 1795 2600 dies
1828 2532 2235 2603 intermedii„

201 2637 534 2690 vocantur
582 2623 734 2689 dies
782 2623 978 2711 infra
1024 2633 1350 2691 octavam.

327 2712 747 2778 Dividuntur
794 2724 1064 2779 octavae
1097 2714 1166 2778 in
1192 2711 1682 2801 privilegiatus
1714 2723 1785 2777 et
1816 2731 2244 2783 communes„

299 2927 348 2994 1)
379 2923 468 2979 Cf.
509 2926 856 2981 cavalieri.
922 2924 988 2981 T.
1041 2926 1126 2981 II.
1188 2924 1322 2980 Dec.
1388 2941 1513 2989 121,
1552 2942 1607 2989 n,
1632 2940 1696 2993 j.
1752 2928 2037 2994 GuJetus.
2080 2923 2149 2980 L.
2184 2923 2237 2980 I.

204 3013 245 3050 c.
279 3012 364 3064 14,
397 3014 455 3065 q.
493 3011 549 3064 4.

295 3072 347 3136 2)
380 3067 447 3121 In
484 3064 838 3120 Calendario
877 3066 1200 3122 universali
1240 3066 1355 3120 duo
1395 3075 1712 3121 occurrunt
1747 3065 1965 3121 Officia
2002 3065 2076 3119 ad
2114 3065 2235 3119 libi-

206 3146 333 3204 tum,
365 3156 470 3193 seu
507 3137 570 3192 S.
608 3136 824 3190 Canuti
859 3138 1008 3208 Reg.
1047 3149 1107 3193 et
1165 3139 1335 3192 Mart.
1392 3142 1483 3206 (19
1529 3137 1814 3208 Januarii)
1872 3148 1933 3192 et
1993 3137 2054 3191 S.
2121 3138 2239 3192 Re-

210 3211 351 3280 migii
383 3209 492 3278 Ep.
527 3207 697 3263 Conf.
738 3211 811 3275 (1.
849 3208 1150 3279 Octobris)
1205 3210 1380 3265 ambo
1426 3210 1575 3263 ritus
1629 3209 2062 3279 SemidupliciS.
2103 3208 2245 3271 Hoc,

213 3282 432 3336 alterum
471 3288 674 3333 tamen
711 3285 804 3333 est
840 3282 1270 3351 praeceptivum
1308 3282 1419 3335 sub
1456 3281 1574 3334 ritu
1610 3280 1890 3350 Simplici,
1935 3279 2091 3335 unde
2120 3279 2259 3333 sak.

216 3362 318 3407 tem
350 3352 456 3407 sub
494 3350 606 3404 hoc
643 3349 760 3403 ritu
800 3350 978 3405 debet
1015 3351 1321 3407 celebrari.
