2713 4137
523 248 650 317 116

1201 597 1667 680 TITULUS
1727 600 1896 675 Vn.
1967 701 1971 706 ι

859 815 988 880 DE
1041 812 1380 881 MISSIS
1430 810 1628 879 PRO
1678 808 2241 877 DEFUNCTIS

1209 1144 1843 1226 Praenotanda.

640 1358 788 1447 136.
804 1358 1144 1427 Doctrina
1170 1346 1535 1439 catholica,
1564 1357 1677 1424 cui
1706 1356 2054 1442 refragari
2080 1378 2288 1423 nemo
2318 1368 2585 1443 potest,

520 1448 690 1535 quin
740 1448 1041 1514 haeresis
1089 1446 1250 1517 labe
1297 1447 1708 1535 inquinetur
1755 1456 1827 1511 et
1858 1455 2218 1538 extorrem
2251 1466 2333 1512 se
2364 1444 2585 1517 faciat

521 1560 560 1604 a
609 1537 1108 1603 communione
1152 1534 1517 1617 Ecclesiae,
1568 1558 1652 1603 ea
1701 1545 1812 1602 est
1858 1555 2091 1622 quam,
2127 1556 2216 1600 ex
2261 1534 2587 1621 Aposto-

521 1625 751 1693 lorum
799 1625 1175 1692 traditione
1209 1634 1591 1711 acceptam,
1628 1622 1951 1711 ejusdem
1983 1622 2327 1690 Ecclesiae
2364 1628 2586 1712 magi-

527 1714 818 1781 sterium
865 1714 1124 1795 docuit,
1176 1735 1433 1801 nempe
1475 1712 1921 1782 Sacrificium
1952 1711 2213 1794 Missae,
2248 1733 2391 1800 qua
2426 1735 2589 1800 pro·

530 1802 986 1891 pitiatorium,
1063 1830 1094 1862 a
1172 1824 1313 1869 non
1365 1801 1591 1869 solum
1664 1823 1795 1888 pro
1864 1800 2175 1868 fidelium
2245 1802 2586 1870 vivorum

576 1891 857 1972 eccatis,
930 1891 1160 1978 poenis
1231 1903 1301 1957 et
1372 1890 1527 1959 aliis
1600 1890 2165 1971 necessitatibUS,
2238 1891 2367 1957 sed
2452 1914 2589 1979 pro

518 1915 897 2049 Befunctis
964 1980 1036 2045 in
1100 1978 1391 2047 Christo
1450 1979 1765 2047 nondum
1823 1979 1913 2046 ad
1969 1978 2254 2065 plenum
2312 2000 2581 2068 purga-

529 2071 618 2137 tis
656 2070 673 2101 ¹
731 2099 761 2130 v
815 2068 1080 2137 offerri.

663 2157 1152 2242 Quamobrem
1218 2157 1559 2239 Ecclesia,
1620 2157 1822 2244 cujus
1871 2167 1981 2225 est
2029 2158 2204 2225 ritus
2252 2158 2351 2225 ita
2400 2179 2587 2226 com-

528 2269 816 2335 ponere,
889 2258 962 2313 ut
1025 2268 1187 2334 quae
1255 2248 1531 2314 interna
1603 2247 1823 2314 animi
1886 2246 2025 2314 fide
2072 2258 2422 2327 tenemus,
2473 2271 2597 2314 ex-

524 2347 727 2402 terna
785 2336 998 2403 etiam
1060 2335 1507 2422 professione
1577 2336 2043 2403 exhibeamus
2113 2335 2158 2417 ²,
2233 2337 2588 2422 speciales

527 2426 704 2491 ritus
783 2425 1112 2506 instituit,
1192 2426 1451 2512 quibus
1528 2426 1855 2492 vivorum
1980 2425 2155 2492 ietas
2232 2446 2365 2511 pro
2452 2425 2593 2492 De-

523 2513 930 2581 functorum
955 2514 1325 2581 animabus
1351 2515 1421 2580 in
1448 2513 1877 2601 Purgatorio
1954 2515 2207 2581 eteritis
2232 2514 2593 2584 excitetur

525 2612 614 2683 et,
651 2602 1126 2689 multiplicatis
1175 2601 1556 2689 suffragiiS,
1608 2603 1883 2670 eaedem
1933 2602 2189 2670 animae
2214 2602 2593 2689 juventur.

523 2688 613 2757 Et
695 2690 1100 2777 uamplures
1127 2692 1494 2779 utriusque
1519 2691 1881 2773 Ecclesiae,
1910 2690 2295 2759 Orientalis
2320 2713 2587 2781 nempe

527 2789 598 2846 et
644 2713 1151 2860 accidentalia
1204 2780 1418 2847 etiam
1450 2781 1923 2880 antiquissimi
1972 2778 2109 2849 SS.
2159 2779 2433 2862 PatreS‚
2488 2782 2593 2849 di·
2708 2787 2710 2815 *

530 2878 718 2934 serte
765 2866 1144 2956 loquuntur
1177 2869 1266 2936 de
1315 2891 1468 2950 usn,
1518 2891 1640 2957 qui
1689 2891 1973 2956 semper
2003 2869 2251 2955 viguit,
2286 2890 2422 2955 pro
2454 2869 2599 2937 De·

531 2956 790 3024 functis
815 2957 1176 3040 exorandi,
1204 2959 1599 3045 praesertim
1634 2981 1763 3047 per
1787 2957 2228 3028 Sacrificium
2260 2957 2513 3026 Missae
2548 2958 2599 3026 ⁸.

635 3141 686 3207 1)
731 3139 898 3196 Cone.
944 3140 996 3195 T
993 3141 1101 3198 rid.
1140 3141 1293 3198 Sess,
1347 3140 1551 3196 XXII.
1591 3149 1714 3212 cap.
1768 3140 1855 3198 II.
1902 3143 1993 3199 Cf.
2028 3142 2171 3198 ibid.
2209 3159 2337 3198 can.
2374 3143 2500 3199 III.
2540 3149 2607 3200 et

530 3209 749 3266 Catech.
792 3210 957 3266 Conc.
1005 3212 1057 3267 T
1054 3213 1164 3268 rid.
1203 3212 1272 3267 de
1308 3211 1567 3269 Euchar.
1604 3213 1761 3268 circa
1799 3215 1999 3271 finem.

625 3284 682 3350 2)
720 3281 810 3337 Cf.
846 3285 1092 3354 Lapini.
1130 3282 1358 3339 Istituz.
1398 3283 1626 3356 Liturg.
1664 3287 1802 3342 Lez.
1838 3285 1981 3341 XV.

633 3354 691 3422 3)
728 3351 816 3407 Cf.
853 3356 1219 3412 Franzelin.
1257 3354 1347 3410 De
1384 3354 1480 3411 Ss.
1516 3355 1771 3412 Euchar.
1798 3357 2069 3413 Sacram.
2091 3360 2145 3411 et
2166 3355 2389 3430 Sacris.
2416 3355 2487 3412 P.
2514 3354 2607 3413 II.

534 3422 589 3476 T
586 3421 700 3478 heS.
738 3422 882 3479 XII.
917 3454 942 3466 -
982 3427 1229 3498 Lapini.
1267 3425 1499 3482 Istituz.
1537 3426 1765 3498 Liturg.
1804 3428 1943 3484 Lez.
1996 3427 2099 3484 VI.
