2713 4137
410 228 497 293 72
842 228 932 272 DE
978 227 1369 274 NONNULms
1415 197 1764 271 PART11‘3us
1811 223 2037 270 MlsSAE

410 315 499 382 ad
546 313 828 380 nomina
864 311 1034 396 Jesu
1083 323 1153 378 et
1198 310 1278 378 B.
1311 311 1579 394 Mariae,
1629 309 1755 377 sed
1789 309 1999 376 etiam
2054 309 2142 376 ad
2198 329 2473 375 nomen

406 403 834 472 Sanctorum
881 423 1182 488 quorum
1218 403 1287 468 in
1320 399 1541 466 Missa
1575 400 1823 466 saltem
1856 397 2475 465 Commemoratio

410 492 594 558 facta
625 490 758 557 fuit
793 493 835 572 ¹,
887 491 1037 557 sive
1086 491 1155 556 in
1201 490 1409 571 festo,
1460 490 1611 556 sive
1661 487 1843 555 infra
1892 485 2266 568 Octavam,
2317 488 2477 553 sive

423 591 644 649 extra.

1211 754 1484 825 CAPUT
1529 753 1667 826 Vll.

802 858 931 940 De
989 856 1324 940 Calicis
1380 858 2051 942 Purificatione.

546 1035 652 1120 76.
702 1032 943 1116 Quum
1013 1031 1380 1116 contingat
1448 1031 1535 1094 ab
1606 1051 1748 1095 uno
1819 1029 2215 1098 Sacerdote
2287 1029 2475 1096 duas

412 1124 661 1196 eadem
711 1123 825 1188 die
871 1118 1148 1200 MissaS,
1198 1141 1286 1185 ex
1334 1131 1626 1204 accepta
1672 1118 2026 1199 facultate,
2074 1139 2233 1185 esse
2284 1120 2479 1186 cele-

413 1208 741 1286 brandas,
805 1209 1042 1296 operis
1093 1209 1395 1295 pretium
1445 1220 1554 1274 est
1621 1209 1851 1295 ipsum
1922 1209 2273 1274 instruere
2324 1231 2474 1295 quo

413 1302 626 1367 modo
697 1298 954 1368 Calicis
1025 1299 1116 1364 sit
1187 1298 1617 1386 perficienda
1688 1297 2103 1384 purificatio,
2180 1297 2477 1364 Nostris

413 1396 646 1455 tamen
696 1391 810 1456 hic
860 1409 998 1453 non
1050 1389 1312 1454 utimur
1381 1389 1641 1466 verbiS,
1692 1399 1761 1453 at
1832 1388 2066 1472 potius
2136 1387 2313 1453 duas
2364 1408 2481 1452 su·-

415 1477 738 1564 bjicimus
785 1477 1313 1558 Instructiones,
1364 1477 1654 1544 alteram
1690 1498 1853 1565 quae
1889 1477 2151 1560 prodiit
2182 1499 2221 1541 a
2269 1474 2349 1542 S.
2382 1474 2476 1542 R.

416 1565 993 1654 Congregatione
1042 1567 1155 1633 die
1209 1588 1289 1634 12
1337 1565 1785 1652 Septembris
1848 1566 2039 1652 1857,
2104 1586 2233 1651 pro
2298 1586 2479 1630 casu

413 1678 556 1744 quo
605 1656 880 1742 duplex·
913 1654 1131 1722 Missa
1181 1657 1268 1722 sit
1317 1657 1566 1723 eadem
1603 1656 1715 1722 die
1766 1655 1893 1722 sed
1931 1676 2071 1720 non
2104 1655 2173 1719 in
2211 1653 2475 1720 eodem

415 1745 573 1812 loco
617 1744 1059 1824 celebranda,
1110 1743 1404 1812 alteram
1450 1747 1941 1831 depromptam
1974 1765 2064 1808 ex
2097 1742 2480 1809 Commen-

414 1833 611 1901 tariis
658 1832 1162 1901 Bartholomaei
1213 1833 1522 1903 Gavanti
1570 1845 1640 1900 et
1688 1833 2008 1920 Cajetani
2042 1831 2289 1898 Mariae
2324 1831 2481 1898 Me-

417 1925 570 2004 rati,
618 1944 748 2010 pro
799 1945 966 1990 casu
1013 1945 1155 2010 quo
1203 1924 1270 1990 in
1320 1925 1573 1991 eodem
1646 1924 1856 1990 etiam
1930 1923 2087 1989 loco
2166 1933 2480 2009 utraque

417 2012 638 2080 Missa
685 2012 1086 2080 celebretur
1132 2013 1176 2079 ².

549 2106 971 2171 Instructio
1019 2106 1307 2172 Prima.
1368 2129 1399 2163 a
1454 2101 1761 2187 Quando
1809 2100 2170 2169 Sacerdos
2217 2099 2476 2166 eadem

416 2191 530 2258 die
580 2192 754 2257 duas
800 2190 1058 2258 Missas
1129 2192 1397 2259 dissitis
1446 2192 1514 2257 in
1588 2190 1762 2257 locis
1834 2189 2198 2257 celebrare
2233 2189 2476 2269 debet,

417 2281 485 2346 in
537 2281 784 2368 prima,
833 2281 998 2348 dum
1047 2282 1367 2347 divinum
1416 2279 1854 2367 Sanguinem
1892 2279 2122 2357 sumit,
2158 2300 2319 2343 eum
2370 2277 2474 2343 di-

417 2368 880 2455 ligentissime
927 2373 1237 2437 sorbeat.
1304 2369 1579 2437 Exinde
1651 2391 1865 2455 super
1935 2366 2309 2455 corporale
2356 2388 2476 2453 po-

421 2470 537 2523 nat
586 2456 898 2527 Calicem
947 2472 1016 2526 et
1064 2459 1249 2545 palla
1295 2470 1509 2546 tegat,
1561 2480 1641 2525 ac
1688 2458 1955 2545 junctis
2025 2456 2351 2522 manibus
2395 2456 2475 2522 in

421 2546 654 2613 medio
699 2545 929 2614 Altari
979 2548 1214 2617 dicat:
1289 2548 1499 2633 Quod
1538 2570 1653 2613 ore
1698 2546 2139 2634 sumpsz'mu3‚
2212 2553 2330 2611 etc.
2402 2556 2481 2611 et

420 2636 718 2706 subinde
765 2636 1050 2704 admoto
1100 2660 1304 2727 aquae
1338 2636 1626 2704 vasculo
1658 2637 1920 2725 digitos
1956 2636 2145 2701 lavet
2178 2634 2429 2723 dicens
2462 2659 2479 2701 :

424 2724 688 2810 Corpus
734 2730 927 2793 tuum
975 2736 1092 2794 etc.
1142 2741 1212 2795 et
1259 2729 1649 2813 abstergat.

553 2814 767 2882 Hisce
814 2817 1118 2901 peractis
1165 2816 1501 2895 Calicem,
1537 2838 1752 2903 super
1784 2812 2153 2902 corporale
2189 2830 2483 2877 manen-

422 2914 563 2969 tem
609 2905 862 2986 adhuc,
933 2906 1236 2974 deducta
1291 2905 1474 2993 palla
1529 2906 1910 2991 cooperiat,
1962 2924 2092 2969 ceu
2139 2922 2296 2966 mos
2344 2910 2480 2981 est,

421 2993 686 3061 scilicet
730 2995 1032 3081 primum
1079 2994 1560 3083 purificatorio
1608 2995 1847 3073 linte0,
1898 2990 2151 3059 deinde
2216 3000 2483 3077 patena

423 3104 503 3149 ac
548 3082 749 3169 palla,
799 3096 868 3150 et
917 3085 1199 3152 demum
1264 3085 1449 3152 ve10.

443 3234 448 3239 '
532 3230 584 3295 ι)
621 3226 682 3282 S.
722 3228 794 3282 R.
833 3227 898 3283 C.
935 3246 967 3299 7
1005 3228 1172 3298 Sept.
1214 3230 1370 3295 1816,
1409 3246 1467 3282 n.
1502 3245 1662 3299 2572,
1702 3227 1777 3281 ad
1813 3226 1947 3282 XX.

517 3304 573 3361 2)
612 3298 828 3353 Ambae
879 3299 1313 3355 Instructiones
1349 3301 1597 3354 insertae
1641 3298 1881 3353 fuerunt
1934 3296 1999 3350 in
2043 3292 2496 3350 recentioribus

413 3367 776 3424 editionibus
814 3370 1069 3425 Ritualis
1107 3370 1383 3426 Romani.
1422 3370 1464 3425 Ι.
1505 3369 1877 3441 Appendice.
2068 3388 2075 3393 ·
