2713 4137
1181 465 1639 549 TITULUS
1705 468 1802 544 II.

933 682 1063 750 DE
1113 681 1427 750 MISSA
1474 682 1577 748 IN
1626 673 2031 750 GENERE'

1320 903 1612 912 ——-—————

1291 1069 1569 1144 CAPUT
1638 1073 1684 1144 l.

1005 1241 1140 1323 De
1195 1240 1590 1344 Liturgia
1641 1239 1986 1323 Missae.

599 1497 668 1564 9.
720 1473 1340 1562 Quemadmodum
1412 1473 1741 1542 Christus
1780 1471 2004 1558 JeSuS,
2065 1473 2510 1541 discessurus

474 1587 563 1633 ex
611 1567 746 1633 hoc
780 1564 1063 1644 mund0,
1088 1563 1553 1632 Eucharistiae
1609 1561 2146 1632 Sacramentum
2193 1563 2509 1642 instituit,

473 1666 544 1722 et
589 1655 656 1721 in
707 1654 892 1721 illius
970 1653 1367 1741 sumptione
1444 1653 1678 1720 colere
1727 1673 1857 1718 nos
1928 1652 2034 1718 sui
2095 1653 2511 1719 memoriam

473 1743 830 1831 praecepit,
879 1743 994 1823 ita,
1029 1743 1122 1809 ait
1153 1741 1548 1811 Concilium
1580 1739 2095 1821 Tridentinum,
2133 1768 2163 1801 cc
2197 1739 2402 1807 Deus
2451 1751 2518 1807 et

465 1832 810 1899 Dominus
858 1842 1115 1911 noster,
1153 1831 1283 1897 etsi
1334 1831 1553 1898 semel
1586 1831 1916 1916 seipsum,
1969 1830 2035 1896 in
2070 1851 2193 1898 ara
2233 1829 2512 1910 CruciS,

467 1932 693 1988 morte
779 1921 1276 2000 intercedente,
1340 1919 1498 1986 Deo
1574 1919 1764 1987 Patri
1843 1919 2205 1986 oblaturus
2272 1930 2516 1986 erat....

473 2012 636 2099 quia
684 2021 916 2078 tamen
990 2031 1116 2097 per
1185 2019 1487 2076 mortem
1534 2006 2030 2078 Sacerdotium
2078 2007 2232 2096 ejus
2297 2009 2515 2075 extin-

469 2100 824 2188 guendum
875 2121 1013 2165 non
1058 2112 1230 2179 erat,
1279 2100 1347 2164 in
1400 2120 1600 2165 coena
1648 2098 2050 2179 novissima,
2107 2120 2245 2185 qua
2303 2111 2515 2164 nocte

477 2190 969 2257 tradebatur....
1017 2186 1481 2256 Sacerdotem
1533 2188 1917 2255 secundum
1970 2187 2291 2255 ordinem
2338 2182 2517 2253 Mel-

469 2278 848 2346 chisedech
914 2299 989 2343 se
1055 2277 1122 2343 in
1188 2288 1533 2345 aeternum
1599 2277 2047 2343 constitutum
2120 2275 2513 2356 declaranS,

469 2388 725 2455 corpus
773 2377 842 2433 et
889 2366 1305 2452 sanguinem
1354 2364 1581 2435 Suum
1616 2367 1748 2432 sub
1782 2366 2154 2453 speciebus
2187 2366 2392 2450 panis
2443 2375 2517 2431 et

470 2456 612 2524 vini
661 2454 818 2522 Deo
869 2455 1055 2522 Patri
1120 2455 1413 2533 obtulit;
1478 2477 1558 2522 ac
1608 2456 1741 2521 sub
1788 2455 2196 2522 earumdem
2268 2475 2511 2521 rerum

471 2544 808 2633 symbolis
854 2543 1240 2632 ApostoliS,
1275 2566 1457 2631 quos
1490 2555 1655 2611 tunc
1692 2544 1856 2610 novi
1890 2542 2331 2611 Testamenti
2378 2541 2512 2611 Sa-

469 2635 794 2703 cerdotes
842 2632 1328 2714 constituebat,
1378 2644 1453 2699 ut
1485 2645 1859 2713 sumerent,
1893 2632 2180 2700 tradidit
2211 2654 2229 2712 ;
2262 2642 2335 2698 et
2382 2633 2513 2699 eis-

467 2724 648 2804 dem,
697 2746 1079 2811 eorumque
1129 2723 1196 2790 in
1247 2722 1644 2789 sacerdotio
1693 2721 2245 2802 successoribus,
2270 2731 2349 2786 ut
2398 2721 2505 2787 of-

469 2814 717 2893 ferent,
745 2812 1098 2900 praecepit,
1126 2833 1253 2898 per
1278 2812 1434 2878 haec
1460 2812 1681 2879 verba
1712 2832 1728 2875 :
1756 2810 1911 2878 Hoc
1944 2809 2155 2878 facite
2180 2810 2250 2877 in
2276 2832 2515 2877 meam

481 2902 1236 2980 commemorationem,
1285 2900 1384 2966 uti
1433 2922 1717 2987 semper
1778 2898 2145 2968 Catholica
2191 2898 2515 2967 Ecclesia

482 2990 821 3058 intellexit
867 3003 936 3057 et
983 2990 1218 3058 docuit
1269 2990 1312 3055 ¹.
1371 3018 1400 3049 n

602 3078 778 3148 Haec
804 3080 1088 3167 quidem
1123 3079 1430 3147 divina'm
1466 3079 1846 3146 ostendunt
1878 3078 2308 3145 sacrosancti
2343 3077 2521 3145 Mis-

473 3190 573 3236 sae
619 3168 960 3238 Sacrificii
995 3168 1523 3249 institutionem,
1574 3167 1920 3255 simulque
1967 3167 2303 3235 exhibent
2350 3190 2521 3255 quae

574 3360 626 3431 1)
667 3358 834 3415 Conc.
881 3358 934 3414 T
931 3359 1040 3415 rid.
1078 3374 1216 3415 sess·
1253 3356 1420 3414 XIII
1452 3365 1575 3429 cap.
1611 3356 1695 3413 II.
