2713 4137
617 232 708 277 DE
753 232 953 278 Mooo
1000 232 1377 279 RECITANDI
1424 232 1754 281 OFFICIUM
2082 235 2209 305 139

287 352 365 439 3⁰
439 351 720 440 Regina
787 351 961 432 coelz',
1033 375 1196 441 quae
1266 354 1536 421 obtinet
1603 377 1643 420 a
1723 353 2207 442 Completorio

153 437 460 507 Sabbati
512 440 758 510 Sancti
808 442 894 508 ad
943 441 1240 523 Nonam,
1287 442 1653 524 inclusive,
1701 441 1996 511 Sabbati
2044 456 2207 530 post

155 526 663 599 Pentecosten.

286 617 366 703 40
416 618 627 685 Salve
701 618 1002 707 Regina,
1083 642 1245 708 quae
1318 619 1591 709 reliquo
1663 621 1823 687 anni
1892 630 2211 709 tempore

153 706 578 793 perlegitur.

279 794 645 883 JamverO,
696 796 767 863 in
845 796 1066 877 chora,
1140 818 1423 884 semper
1493 798 1749 865 dicitur
1824 797 2209 885 antiphona

154 882 412 965 finalis,
461 907 623 973 quae
671 887 970 973 tempori
1019 886 1422 973 respondet,
1459 898 1620 974 post
1653 884 2038 975 quamlibet
2072 887 2209 955 Ho-

156 995 334 1053 ram,
387 974 468 1054 si,
521 975 651 1041 hac
702 973 1087 1061 persoluta,
1138 998 1177 1041 a
1225 976 1448 1043 choro
1514 978 1921 1044 disceditur.
1984 978 2211 1046 Extra.

157 1061 467 1142 chorum,
518 1064 765 1130 eadem
817 1064 1204 1150 antiphona
1255 1062 1479 1131 finalis
1552 1062 1889 1132 recitatur
1956 1063 2023 1130 in
2069 1064 2209 1133 fine

157 1149 648 1236 Completorii,
699 1164 770 1217 et
817 1164 977 1239 post
1025 1151 1332 1233 LaudeS,
1384 1155 1441 1219 si
1492 1164 1653 1220 tunc
1718 1152 2054 1221 Officium
2118 1154 2209 1219 in·

159 1241 644 1326 terrumpitur,
695 1240 809 1306 vel
860 1251 1021 1326 post
1065 1240 1358 1323 Horam,
1412 1253 1532 1309 aut
1575 1240 1811 1309 Horas
1842 1262 2005 1330 quae
2038 1240 2210 1309 Lau-

157 1328 374 1394 dibus
424 1330 759 1395 continuo
809 1328 1252 1414 adjiciuntur.
1344 1333 1354 1341 ’

301 1416 456 1483 186.
504 1417 676 1484 Post
739 1418 1098 1503 integrum
1174 1416 1509 1487 Officium
1582 1420 1914 1487 recitatur
1983 1418 2209 1485 oratio

157 1504 665 1586 sacrosanctae,
720 1529 860 1595 qua
911 1506 1062 1573 Leo
1095 1507 1188 1577 X.
1237 1506 1312 1577 P.
1371 1509 1467 1576 M.
1502 1509 1821 1575 defectus
1868 1520 1937 1575 et
1970 1506 2211 1593 culpas

156 1593 376 1749 indetl)
411 1596 903 1694 ‘persolvendo
943 1617 1031 1661 ex
1066 1597 1368 1665 humana
1402 1596 1782 1683 fragilitate
1816 1607 2213 1665 contractas

155 1705 228 1748 in
289 1706 333 1747 u
367 1694 479 1749 slt.
1396 1714 1403 1721 ·

293 1772 417 1838 Ad
468 1773 602 1842 hoc
654 1783 884 1839 tamen
937 1774 1323 1861 requiritur
1370 1775 1563 1863 quod
1606 1776 1695 1841 ab
1743 1774 2067 1842 omnibus
2113 1773 2214 1839 in-

159 1861 493 1927 distincte
541 1861 790 1930 eadem
840 1863 1064 1929 oratio
1114 1864 1391 1930 dicatur
1452 1862 1655 1931 flexis
1724 1864 2047 1949 genibuS,
2097 1883 2215 1927 ex-

158 1950 393 2036 ceptis
442 1950 528 2017 iis
577 1961 866 2031 tantum,
918 1954 1036 2039 qui
1089 1951 1511 2019 infirmitatis
1584 1974 1794 2019 causa
1866 1962 2028 2018 sunt
2089 1950 2183 2017 im

155 2038 382 2125 pediti
438 2040 482 2106 ¹.
528 2038 702 2106 Item
751 2042 1133 2128 requiritur
1182 2053 1258 2108 ut
1305 2041 1526 2110 Pater
1556 2051 1627 2108 et
1657 2039 1812 2108 Ave
1844 2040 2213 2108 addantur.

297 2127 494 2196 Nihil
543 2141 774 2196 autem
823 2131 1153 2216 prohibet
1197 2132 1574 2220 quominus
1620 2141 1782 2216 post
1829 2129 2214 2218 quamlibet

155 2217 458 2299 Horam,
494 2239 656 2305 quae
691 2220 1070 2303 separatim
1104 2219 1553 2307 persolvitur,
1600 2219 1940 2306 praedicta
1988 2219 2215 2285 oratio

159 2307 462 2388 dicatur,
512 2329 654 2394 quo
704 2329 875 2374 casu
946 2329 1074 2394 pro
1150 2309 1547 2376 defectibus
1619 2308 2078 2396 indulgendis
2147 2308 2214 2372 in

162 2397 422 2462 eadem
471 2395 666 2462 Hora
715 2398 1136 2476 commissis,
1186 2400 1337 2483 ipsa
1388 2398 1651 2465 valebit
1668 2421 1685 2478 ;
1736 2399 1878 2463 imo
1927 2395 2075 2463 Leo
2121 2394 2213 2462 X.

161 2485 303 2550 hoc
355 2483 570 2550 modo
617 2497 1072 2552 concesserat
1108 2487 1195 2552 ab
1227 2486 1425 2552 initio
1470 2487 1651 2552 hanc
1687 2485 2214 2570 indulgentiam,

161 2572 570 2640 etssnonnisi
629 2575 857 2639 serius
920 2574 1016 2640 ita
1086 2575 1399 2641 extendit
1472 2575 1793 2662 gratiam,
1843 2585 1918 2638 ut
1989 2572 2215 2638 oratio

164 2660 394 2727 semel
445 2661 632 2728 dicta
682 2661 951 2728 valeret
996 2683 1128 2749 pro
1177 2664 1512 2731 omnibus
1560 2663 1774 2730 Horis
1822 2662 2025 2728 etiam
2078 2661 2218 2726 dis-

153 2749 465 2836 junctim
515 2749 920 2837 persolutis,

308 2839 458 2926 187.
511 2837 1010 2926 Opportunum
1061 2861 1430 2906 censemus
1501 2838 1862 2925 liturgicas
1933 2837 2217 2923 regulas

163 2927 279 2993 hic
329 2949 711 3014 exponere,
760 2949 922 3016 quae
971 2942 1253 2994 cantum
1303 2938 1515 3015 atque
1565 2929 1816 3014 organi
1864 2939 1935 2993 et
1965 2928 2223 2995 instru-

162 3028 561 3084 mentorum
612 3038 816 3084 usum
865 3016 1341 3098 moderantur,
1394 3019 1467 3083 in
1508 3017 1760 3083 divinis
1794 3013 2067 3083 Officiis
2099 3037 2217 3102 pu-

162 3104 349 3172 blice
399 3106 849 3191 peragendis.

300 3193 531 3261 Porro
577 3193 865 3280 regulae,
915 3216 1076 3281 quae
1125 3216 1310 3262 nunc
1354 3195 1621 3280 vigent,
1655 3193 2109 3260 inveniuntur
2143 3191 2210 3257 in

265 3391 320 3461 1)
357 3389 419 3446 S.
457 3390 522 3446 C.
562 3389 788 3460 Indulg.
825 3391 898 3444 26
925 3390 1038 3460 Jul.
1080 3392 1235 3462 1855,
1275 3409 1333 3446 n.
1370 3391 1495 3460 368.
