2713 4137
623 260 712 306 DE
758 260 952 306 MODO
1000 261 1379 307 RECITANDI
1426 260 1753 307 OFFICIUM
2086 261 2209 329 131

153 379 343 445 sacri
394 378 711 461 Ordinis,
760 379 1072 447 decurrit
1119 381 1206 446 ab
1256 380 1433 445 hora
1481 379 1639 459 diei,
1690 402 1827 467 qua
1875 380 1989 447 vel
2037 390 2203 447 vota

152 468 570 548 emiserunt,
621 468 735 535 vel
783 468 1131 537 Ordinem
1181 489 1461 534 sacrum
1509 479 1973 555 susceperunt
2026 470 2067 549 ¹,
2103 470 2200 536 ita

153 568 231 621 ut
278 557 416 643 ipsi
465 577 604 623 non
651 567 1022 623 teneantur
1069 568 1337 643 partem
1372 556 1561 623 illam
1602 555 1849 624 Officii
1885 558 2204 639 recitare,

155 664 326 732 quae
377 646 575 712 horis
623 636 1188 734 praecedentibus
1239 645 1710 745 respondet.
1666 644 1686 676 ²

297 756 448 821 174.
498 734 731 802 Horas
779 734 970 822 quod
1019 746 1306 821 spectat,
1343 735 1603 801 scimus
1652 698 1819 800 olim
1856 722 2059 819 plane
2099 734 2203 801 di-

155 844 450 890 versum
503 823 722 891 fuisse
769 845 1040 889 morem
1077 824 1545 891 distribuendi
1594 846 1721 911 per
1753 834 2053 902 noctem,
2089 821 2204 889 vel

153 912 345 979 diem
395 912 612 981 divini
659 911 895 980 Officii
943 923 1202 999 partes.
1233 911 1535 978 Veteres
1571 914 1778 992 enim,
1814 924 1957 978 tam
1991 911 2200 994 diem,

159 1023 374 1099 quam
427 1013 727 1083 noctem,
776 1002 846 1068 in
896 1001 1267 1069 duodecim
1302 1002 1518 1067 horas
1564 1002 1995 1081 dividebant,
2043 1021 2209 1089 quae

158 1090 342 1156 inter
414 1112 492 1157 se
563 1091 875 1177 aequales
945 1101 1165 1170 erant,
1241 1091 1308 1156 in
1361 1112 1437 1158 se
1508 1101 1741 1157 autem
1800 1053 2202 1177 inaeqiialeS,

161 1178 346 1245 idest
393 1179 781 1265 longiores,
856 1179 968 1246 vel
1040 1179 1429 1259 brevioreS,
1507 1192 1721 1267 prout
1766 1200 1962 1245 varia
2030 1190 2204 1255 erat,

157 1289 290 1353 pro
337 1280 736 1367 temporum
787 1269 1213 1350 diversitate,
1264 1267 1537 1335 dierum
1572 1280 1639 1336 et
1674 1269 1981 1334 noctium
2015 1288 2204 1334 men·

161 1378 346 1425 sura.
397 1356 547 1425 Sed
597 1357 904 1443 insuper,
955 1358 1190 1424 denuo
1241 1357 1429 1424 diem
1493 1370 1563 1424 et
1611 1368 1887 1423 noctem
1944 1356 2202 1424 divide-

162 1446 328 1511 bant
374 1446 446 1511 in
499 1455 806 1533 quatuor
855 1457 1110 1533 parteS,
1181 1469 1479 1535 quarum
1554 1446 1849 1532 singulae
1897 1445 2202 1513 contine-

163 1535 326 1601 bant
377 1545 524 1601 tres
573 1557 612 1601 e
660 1535 1086 1623 supradictis
1136 1536 1509 1603 duodecim
1558 1536 1774 1602 horiS.
1824 1534 2025 1601 Patet
2075 1534 2206 1601 has

140 1639 448 1723 'quoque
498 1636 735 1711 partes
783 1624 1094 1711 aequales
1143 1626 1326 1691 inter
1375 1646 1472 1706 se,
1543 1623 1933 1712 inaequales
2005 1624 2075 1689 in
2125 1644 2203 1689 se

163 1713 540 1794 exstitisse,
588 1724 798 1799 prout
846 1713 1223 1800 longioreS,
1271 1714 1386 1780 vel
1432 1714 1798 1781 breviores
1832 1713 2205 1779 exstabant

161 1801 364 1867 horae
415 1802 503 1868 ab
549 1802 723 1888 ipsis
773 1813 1150 1869 contentae.

293 1889 630 1974 Quatuor
678 1893 906 1958 noctis
953 1903 1193 1979 partes
1263 1892 1760 1979 nuncupabant
1827 1888 2108 1979 mgi‘lzas
2157 1888 2203 1969 ³,

158 1992 224 2045 et
273 1979 566 2067 quidem
614 1983 913 2066 primam
960 2001 1050 2046 ex
1099 1981 1228 2059 his,
1304 2002 1465 2081 quae
1538 1982 1627 2046 ab
1699 2002 1955 2047 occasu
2032 1978 2203 2045 solis

158 2068 717 2156 protendebatur
764 2070 853 2135 ad
903 2071 1148 2136 horam
1198 2073 1497 2150 tertiam,
1544 2072 1894 2137 vocabant
1940 2067 2200 2136 contice-

155 2159 349 2224 m'um
398 2159 464 2242 (a
508 2158 980 2244 conticescere),
1029 2160 1193 2245 quia
1239 2170 1401 2225 tunc
1450 2160 1684 2225 omnia
1716 2171 1987 2240 tacent;
2039 2157 2202 2224 alte·

250 2353 302 2419 1)
347 2350 697 2420 Episcopus,
736 2352 799 2405 in
837 2367 1007 2406 sacra
1061 2351 1454 2407 Ordinatione
1509 2353 1761 2422 imponit
1814 2351 2211 2406 Subdiaconis

144 2429 206 2474 et
245 2422 536 2476 Diaconis
573 2438 610 2476 a
663 2438 732 2476 se
781 2422 1072 2492 promotis
1128 2440 1280 2478 onus
1334 2424 1626 2478 recitandi
1682 2429 1883 2478 noctu?
1886 2440 2023 2477 num
2079 2423 2213 2477 talis

143 2493 257 2547 deci
288 2493 590 2562 (Pontific.
630 2493 826 2563 Rom.)
865 2493 1234 2549 Declaratum
1272 2495 1382 2548 fuit
1430 2512 1539 2564 pro
1600 2501 1875 2548 nocturno
1930 2495 2061 2548 talis
2100 2494 2213 2547 diei

141 2563 403 2689 intilligi
445 2572 799 2619 nocturnum
837 2563 1058 2630 feriale,
1097 2565 1196 2618 vel
1231 2566 1491 2648 primurn
1530 2567 1687 2634 festi,
1733 2572 1834 2619 aut
1882 2564 2213 2618 Dominicae

297 2635 564 2698 salterio,
603 2644 780 2705 prout
818 2635 1130 2690 Ordinatio
1168 2637 1230 2689 in
1269 2636 1436 2705 teria,
1462 2637 1621 2691 festo
1650 2645 1745 2690 aut
1776 2636 2088 2690 Dominica
2114 2636 2215 2688 ha-

142 2706 269 2760 bita
309 2706 412 2774 sit
437 2722 571 2760 cum
608 2707 964 2776 respectivis
990 2707 1332 2776 antiphonis
1353 2716 1600 2775 tantum,
1629 2707 1852 2762 omisso
1880 2707 1977 2760 Ps.
2016 2705 2211 2759 Venite

139 2777 480 2845 exultemuS,
519 2794 757 2831 necnon
814 2777 1052 2833 omissis
1109 2779 1330 2848 hymno
1386 2788 1446 2833 et
1499 2778 1871 2832 lectionibus.
1927 2775 1989 2831 S.
2034 2776 2105 2831 R.
2144 2775 2211 2831 C.

144 2865 219 2920 27
249 2848 418 2918 Junii
458 2849 612 2917 1899,
652 2866 710 2902 n.
747 2864 906 2918 4042,
945 2848 1019 2902 ad
1059 2848 1119 2918 I;
1162 2867 1228 2904 10
1255 2849 1389 2918 Julii
1434 2867 1592 2918 1903.

249 2921 313 2989 2)
353 2918 668 2973 Probabile
708 2927 802 2973 est
839 2919 1118 2974 satisfieri
1167 2922 1509 2991 obligationi
1551 2920 1707 2974 illius
1747 2919 1862 2973 diei
1904 2917 2211 2972 recitando

147 2998 344 3045 totum
384 2987 657 3046 Officium
696 2999 834 3045 ante
874 2990 1341 3046 ordinationem.

246 3064 307 3131 3)
345 3061 582 3132 Vigiliae
612 3077 647 3115 a
671 3062 964 3132 vigilando
991 3062 1281 3130 dicuntur,
1309 3079 1385 3116 ex
1414 3079 1578 3116 more
1606 3061 1851 3115 militum
1894 3060 2009 3130 qui,
2033 3060 2209 3114 statis

143 3133 331 3199 horis,
371 3132 656 3188 excubias
695 3139 961 3203 agentes,
1003 3139 1216 3187 castra
1237 3132 1581 3187 custodiunt
1617 3139 1678 3185 et
1716 3133 1791 3186 ab
1828 3132 2087 3186 hostium
2126 3131 2217 3184 in-

139 3204 422 3260 cursibus
477 3203 846 3270 defendunt3
903 3203 1032 3272 pari
1077 3211 1285 3258 autem
1345 3204 1577 3258 ratione
1631 3202 1863 3270 Clerici,
1920 3203 2203 3256 continuo

143 3283 408 3344 orantes,
447 3275 819 3330 teterrimum
859 3273 1184 3329 animarum
1225 3275 1461 3330 hostem
1500 3291 1535 3328 a
1572 3291 1639 3328 se
1678 3281 1740 3327 et
1779 3290 1813 3327 a
1839 3273 2053 3344 populo
2081 3290 2209 3327 suae

139 3363 304 3474 zur}
341 3347 684 3414 commisse,
720 3344 1112 3415 propulsant,
1120 3345 1290 3414 juxta
1330 3347 1618 3400 monitum
1656 3345 1718 3401 S.
1747 3345 1924 3414 Petri,
1953 3345 1997 3401 I.
2023 3344 2213 3414 Epist.
2277 3385 2283 3390 -
