2713 4137
499 215 589 280 62
769 234 858 280 DE
904 235 1417 282 RELATIONIBUS
1465 235 1555 281 OF
1560 235 1597 280 F
1601 233 1891 280 ICIORUM
1942 232 2152 279 INTER
2201 233 2279 278 SE

503 357 700 422 sione
748 353 1014 424 Christi
1070 353 1380 436 Domini,
1442 354 1556 421 vel
1626 353 1715 420 de
1788 351 1902 418 die
1973 351 2157 419 infra
2227 351 2551 418 eamdem

505 458 845 526 octavam,
897 444 1246 531 siquidem
1298 444 1585 532 imparia
1638 443 1795 522 sint,
1845 441 2188 528 Vesperae
2224 441 2555 508 dicuntur

502 535 802 619 integrae
852 534 938 600 de
990 555 1076 599 eo
1124 533 1315 620 quod
1364 542 1654 621 praestat
1702 543 1821 597 aut
1854 531 2009 610 ritu,
2044 541 2164 596 aut
2192 529 2551 618 qualitate,

504 634 623 688 aut
669 622 1103 688 solemnitate
1131 644 1146 701 ;
1198 622 1254 688 si
1304 643 1478 688 vero
1528 631 1691 688 sunt
1742 621 1966 707 paria,
2002 617 2344 706 Vesperae
2378 619 2552 685 fiunt

504 711 799 797 integrae
847 711 933 776 de
983 710 1435 796 praecedenti.
1482 708 1560 776 In
1599 720 1902 796 utroque
1935 718 2167 774 autem
2202 729 2373 774 casu
2410 730 2551 774 non

505 801 737 886 agitur
783 799 1066 866 alterius
1115 797 1349 865 Officii
1401 797 1976 864 commemoratio
2000 819 2018 878 ;
2066 797 2277 884 idque
2312 817 2404 862 ex
2438 817 2551 863 no-

505 890 774 956 tissimo
822 888 1166 976 principio
1214 910 1294 953 ne
1339 885 1443 954 bis
1490 887 1561 952 in
1606 886 1803 953 idem.

621 978 698 1045 In
725 977 922 1044 festis
946 988 1178 1042 tamen
1205 975 1491 1042 Domini
1516 976 1901 1042 attenditur
1927 973 2257 1041 identitas
2282 972 2549 1061 objecti-

503 1091 612 1148 va,
639 1089 778 1132 non
809 1065 1182 1153 subjectiva
1231 1075 1519 1132 tantum.
1567 1063 1688 1146 Ita,
1739 1087 1806 1132 v.
1857 1085 1949 1150 g.,
1996 1062 2255 1130 festum
2306 1062 2385 1130 S.
2422 1061 2479 1127 F
2484 1085 2554 1129 a-

505 1157 739 1236 miliae,
776 1155 832 1220 si
864 1153 1238 1242 subjectum
1269 1154 1694 1240 inspiciatur,
1730 1153 1947 1219 veluti
1975 1151 2233 1218 festum
2260 1151 2551 1217 Domini

508 1246 830 1325 habetur,
887 1264 1106 1330 quare
1160 1243 1310 1309 aliis
1355 1243 1754 1330 praefertur,
1803 1262 1964 1330 quae
2017 1252 2179 1307 sunt
2226 1239 2549 1326 ejusdem

508 1336 682 1401 ritus
732 1343 802 1398 et
846 1331 1215 1420 qualitatiS,
1267 1332 1394 1398 sed
1442 1354 1581 1398 non
1617 1330 1919 1398 Domini.
1956 1328 2454 1410 Nihilominus,
2490 1328 2547 1394 si

509 1423 907 1490 attendatur
975 1421 1063 1486 ad
1131 1419 1481 1509 objectum,
1551 1442 1687 1486 non
1764 1429 1872 1485 est
1938 1418 2196 1486 festum
2257 1417 2548 1484 Domini

508 1522 798 1591 tantum,
871 1532 1030 1575 nam
1095 1509 1299 1576 simul
1363 1530 1520 1575 cum
1587 1508 1744 1591 Iesu
1809 1507 2141 1574 recolitur
2202 1505 2549 1573 memoria

505 1600 586 1668 B.
619 1601 864 1666 Mariae
897 1597 984 1664 V.
1035 1608 1108 1664 et
1146 1597 1222 1666 S.
1264 1597 1552 1685 Joseph,
1600 1608 2031 1685 quapropter
2075 1596 2146 1662 in
2194 1616 2549 1662 concursu

508 1712 666 1756 cum
699 1688 834 1754 alio
867 1687 1050 1754 festo
1098 1686 1297 1772 cujus
1331 1687 1722 1771 subjectum
1760 1695 1869 1752 est
1900 1685 2105 1764 idem,
2139 1695 2217 1750 ut
2246 1694 2415 1770 puta
2448 1684 2551 1750 fe-

509 1789 692 1844 stum
715 1776 1078 1844 Orationis
1102 1774 1192 1840 D.
1217 1775 1302 1843 N.
1320 1775 1381 1860 J.
1409 1775 1489 1843 C.
1518 1776 1587 1840 in
1614 1785 1853 1840 monte
1880 1773 2165 1854 Oliveti,
2192 1771 2553 1858 objectum

507 1878 739 1934 autem
787 1876 898 1932 est
944 1867 1322 1943 diversum,
1374 1864 1461 1932 ad
1494 1862 1895 1950 hujusmodi
1926 1862 2364 1930 identitatem
2404 1882 2547 1926 non

492 1955 890 2032 attenditur,
941 1964 1012 2019 et
1060 1952 1328 2038 regulae
1376 1973 1786 2020 communes
1843 1951 2279 2038 applicantur
2336 1951 2381 2016 ¹.

637 2045 748 2111 80.
841 2041 1215 2129 Duplicem
1305 2063 1566 2124 casum,
1662 2061 1871 2129 quem
1965 2038 2550 2128 praetermisimus

503 2134 787 2221 quando
837 2133 922 2199 de
974 2132 1254 2219 hymnis
1301 2132 1430 2198 fuit
1478 2152 1712 2199 sermo
1760 2134 1850 2214 (n.
1899 2151 2007 2210 21,
2051 2133 2183 2211 22),
2232 2128 2347 2194 hic
2396 2149 2550 2214 pro-

504 2224 850 2310 ponimuS,
901 2223 1084 2308 quia,
1137 2232 1298 2307 post
1344 2221 1529 2287 dicta
1578 2220 1667 2286 de
1735 2220 2179 2285 occurrentia
2248 2227 2319 2283 et
2388 2236 2549 2284 con-

508 2311 880 2390 currentia,
933 2310 1159 2395 magis
1208 2308 1284 2375 fit
1330 2310 1768 2396 perspicuus.

644 2400 872 2468 Casus
927 2398 1102 2465 alter
1155 2409 1478 2465 versatur
1547 2399 1734 2464 circa
1804 2396 2350 2467 conclusionem>
2394 2416 2547 2481 pro-

509 2490 734 2577 priam
807 2489 1253 2573 hymnorum,
1325 2487 1394 2552 in
1464 2485 1802 2573 Vesperis
1870 2496 1941 2551 et
2010 2483 2543 2571 Completorio;

511 2578 691 2644 alter
735 2588 968 2642 autem
1038 2576 1224 2642 circa
1291 2576 1747 2642 mutationem
1818 2574 1889 2641 in
1960 2574 2187 2660 prima
2255 2574 2545 2661 strophe

514 2666 759 2753 hymni
808 2666 950 2733 Iste
1001 2664 1390 2751 Confessor,
1440 2664 1510 2730 in
1561 2662 1917 2751 VesperiS.

647 2754 902 2838 Quoad
951 2754 1251 2841 primum
1299 2774 1562 2835 casum,
1596 2753 1752 2820 haec
1799 2761 2215 2819 teneantur:

650 2848 710 2927 1)
757 2842 838 2911 Si
887 2865 1101 2908 unum
1148 2852 1417 2907 tantum
1465 2864 1554 2908 ex
1618 2842 2199 2909 concurrentibus
2270 2838 2546 2907 Officiis

514 2933 727 3000 habet
803 2932 1157 3019 propriam
1240 2929 1664 3016 hymnorum
1757 2928 2299 3010 conclusionem,
2395 2929 2546 2995 haec

512 3031 890 3109 usurpatur
957 3021 1026 3087 in
1076 3019 1341 3105 hymno
1396 3030 1540 3085 tum
1593 3018 2087 3107 Vesperarum,
2150 3029 2296 3084 tum
2346 3016 2548 3085 Com-

613 3182 666 3249 1)
701 3178 1080 3234 Declaratum
1133 3178 1244 3232 fuit
1295 3177 1683 3242 identitatem,
1744 3193 1879 3247 quae
1934 3176 2553 3229 commemorationem

505 3252 580 3305 ad
615 3252 872 3306 invicem
911 3250 1186 3314 excludit,
1225 3250 1447 3303 habere
1484 3248 1639 3303 festa
1676 3254 1737 3302 et
1774 3246 1981 3301 Officia
2023 3247 2129 3303 SS.
2170 3247 2550 3313 Sacramenti,

503 3322 827 3390 Passionis,
865 3320 1088 3391 CruciS,
1125 3320 1236 3375 SS.
1272 3320 1711 3389 Redemptoris,
1752 3320 1859 3373 SS.
1896 3318 2108 3372 Cordis
2137 3318 2282 3387 Jesu
2321 3326 2382 3370 et
2420 3317 2551 3371 Pre-

503 3393 808 3449 tiosissimi
845 3391 1183 3463 Sanguinis
1221 3391 1310 3449 Cf.
1346 3391 1408 3447 S.
1444 3391 1515 3447 R.
1553 3390 1617 3447 C.
1654 3408 1688 3461 3
1718 3391 1856 3462 Julii
1898 3392 2049 3459 1833,
2085 3409 2141 3445 τῃ..
2167 3406 2325 3461 0223..
2355 3388 2431 3443 ad
2456 3388 2550 3444 IV.
