2713 4137
521 227 608 293 42
786 227 878 272 DE
924 226 1437 275 RELATIONIBUS
1484 226 1907 274 OFFICIORUM
1955 227 2159 274 INTER
2218 227 2297 273 SE

1363 487 1635 558 CAPUT
1681 489 1729 562 1.

876 643 1008 722 De
1067 644 1629 725 occurrentia
1686 642 2225 725 Officiorum.

657 904 767 969 47.
821 880 1272 950 Occurrentia
1319 891 1430 949 est
1477 881 1799 959 duorum,
1849 882 1965 948 vel
2035 880 2335 968 plurium
2398 880 2600 949 Offi-

525 974 817 1052 ciorum,
865 971 1112 1036 eadem
1163 971 1297 1052 die,
1346 971 1677 1037 obviatio.

662 1060 1019 1127 Dividitur
1050 1060 1118 1125 in
1143 1068 1545 1146 perpetuam
1579 1071 1650 1126 et
1685 1057 2180 1126 accedentalem.
2214 1057 2590 1147 Perpetua

525 1161 636 1218 est
682 1171 841 1216 cum
875 1148 1039 1229 du0,
1065 1149 1180 1216 vel
1211 1148 1412 1235 plura
1446 1146 1699 1215 Officia
1731 1149 2105 1235 quotannis
2138 1148 2206 1214 in
2242 1149 2587 1216 eamdem

526 1239 712 1307 diem
757 1237 1090 1318 incidunt,
1138 1237 1331 1324 quod
1379 1238 1655 1304 nonnisi
1705 1238 1890 1304 inter
1937 1234 2192 1303 Officia
2237 1237 2372 1305 fixa
2409 1259 2588 1304 con-

525 1329 803 1415 tingere
850 1336 1098 1413 potest.
1145 1326 1626 1393 Accidentalis
1674 1337 1782 1392 est
1829 1347 1986 1392 cum
2020 1323 2441 1393 Officiorum
2479 1328 2582 1393 in-

527 1416 826 1483 cidentia
875 1415 943 1481 in
1004 1415 1324 1481 eamdem
1382 1415 1566 1482 diem
1625 1415 1896 1482 obtinet
1963 1414 2360 1501 aliquando,
2438 1417 2581 1482 sci-

527 1505 692 1572 licet
737 1514 1152 1571 occurrente
1185 1503 1443 1572 Officio
1475 1503 1615 1570 fixo
1651 1525 1807 1570 eum
1842 1504 1978 1571 alio
2013 1501 2269 1571 Officio
2303 1505 2577 1572 mobili.

655 1591 1066 1679 Exemplum
1113 1594 1549 1659 occurrentioe
1588 1601 1971 1678 perpetuae:
2016 1591 2093 1658 In
2144 1591 2576 1660 Calendario

525 1681 930 1762 universali,
981 1681 1120 1748 diei
1165 1704 1254 1770 23
1292 1681 1602 1766 januarii
1650 1693 1760 1748 est
1820 1682 2256 1768 assignatum
2304 1681 2573 1750 festum

524 1770 602 1840 S.
651 1769 1055 1857 Raymundi
1106 1771 1195 1838 de
1244 1769 1673 1850 Pennafort;
1724 1793 1854 1858 pro
1923 1770 2272 1858 aliquibus
2334 1782 2575 1838 autem

524 1860 721 1939 locis,
755 1859 985 1926 eidem
1033 1859 1170 1927 diei
1221 1859 1505 1926 affixum
1539 1874 1647 1926 est
1678 1859 1937 1926 festum
1970 1858 2567 1946 Desponsationis

524 1947 604 2016 B.
653 1948 901 2015 Mariae
950 1947 1033 2014 V.
1082 1946 1221 2015 Ubi
1270 1949 1487 2035 igitur
1535 1950 1669 2015 hoc
1720 1947 2016 2015 alterum
2077 1947 2339 2014 festum
2388 1950 2569 2016 cele·

529 2038 715 2106 brari
765 2037 1209 2124 permittitur,
1258 2059 1417 2104 cum
1468 2039 1702 2124 priore
1737 2037 2114 2124 quotannis
2171 2037 2402 2126 ipsum
2459 2059 2569 2106 oc·

527 2148 816 2194 currere
868 2128 1232 2214 contingit.

659 2214 1068 2302 Exemplum
1099 2215 1536 2281 occurrentae'oe
1567 2213 2028 2282 accadentalis:
2062 2214 2224 2282 Diei
2247 2234 2334 2303 25
2358 2214 2566 2303 Apri·
2677 2248 2678 2261 ÷

526 2304 611 2372 lis
660 2315 771 2371 est
815 2305 1250 2390 assignatum
1298 2303 1556 2370 festum
1604 2302 1681 2373 S.
1730 2304 1947 2371 Marci
1997 2303 2123 2372 Ev.
2158 2304 2274 2371 Ali
2327 2305 2562 2371 uando

524 2393 594 2459 in
647 2392 832 2459 diem
882 2392 1068 2459 illam
1121 2393 1364 2460 incidit
1408 2391 1665 2459 festum
1713 2392 2102 2475 PaschatiS,
2137 2328 2329 2481 quo}
2377 2392 2557 2475 ideo,

526 2481 658 2548 hac
730 2491 997 2548 tantum
1066 2483 1242 2563 vice,
1293 2503 1452 2548 cum
1522 2481 1707 2549 festo
1757 2482 1991 2569 priore
2039 2503 2417 2549 occurrere
2463 2483 2564 2549 di-

526 2569 828 2637 cendum
876 2580 1004 2637 est.

655 2656 970 2745 Regulas
1017 2658 1233 2745 igitur
1283 2658 1396 2724 hic
1447 2660 1883 2745 exponimuS‚
1930 2658 2188 2746 quibus
2235 2658 2556 2727 determi-

524 2756 730 2813 natu‘r
804 2746 1031 2835 quale,
1103 2769 1190 2813 ex
1260 2748 1579 2833 pluribus
1648 2748 2186 2815 occurrentibus
2266 2745 2553 2830 Officiis,

523 2834 673 2902 aliis
721 2834 1124 2922 praevaleat,
1181 2836 1276 2902 ita
1325 2848 1399 2901 ut
1446 2835 1615 2902 illud
1663 2848 1931 2902 tantum
1982 2836 2070 2902 sit
2117 2837 2397 2924 integre
2452 2860 2554 2905 re-

523 2924 899 2992 citandum.

657 3012 998 3080 Notamus
1023 3011 1428 3099 hujusmodi
1464 3014 1747 3100 regulas
1771 3014 2049 3101 utrique
2076 3015 2548 3097 occurrentiae,

523 3122 781 3188 nempe
827 3112 975 3167 tum
1023 3112 1404 3189 perpetuae,
1460 3113 1608 3168 tum
1673 3100 2104 3183 accidentali,
2170 3124 2330 3169 esse
2384 3124 2549 3171 com·
2669 3180 2670 3186 ἵ

523 3210 793 3271 muneS,
845 3202 915 3256 et
960 3192 1055 3257 ita
1101 3190 1479 3278 dispositas
1548 3190 1814 3272 haberi,
1862 3204 1938 3257 ut
2008 3213 2049 3257 a
2109 3190 2418 3278 qualibet
2467 3215 2543 3260 ex

523 3278 659 3345 illis
708 3280 796 3346 ad
846 3279 1391 3366 subsequentem
1437 3300 1576 3346 non
1610 3280 2056 3367 procedatur,
2090 3280 2222 3348 nisi
2256 3302 2412 3347 cum
2441 3303 2540 3349 an·

523 3367 858 3435 tecedens
906 3366 1238 3456 applicari
1286 3389 1426 3435 non
1474 3378 1726 3455 potest.
