2713 4137
501 154 632 227 1⁴18
764 173 856 221 DE
901 171 1288 223 NONNULLIS
1335 172 1630 221 OFFICIIS
1676 169 2295 222 PARTICULARIBUS

637 317 669 367 1
765 348 784 365 .
864 293 1196 365 Officium
1262 292 1601 363 Titularis
1666 291 2010 362 Ecclesiae
2088 290 2541 362 cathedralis

497 313 908 475 perso⁵firere
976 393 1324 465 tenentur,
1393 383 1526 452 sub
1597 382 1737 452 ritu
1816 381 1933 450 Du
1983 380 2095 450 lici
2166 381 2219 450 1.
2273 380 2542 463 classi5‚

496 495 750 543 omnes
793 473 1213 542 Dioeceseos
1243 470 1503 543 Clerici
1533 471 1629 541 ad
1656 470 1894 541 Horas
1989 471 2327 540 anonicas
2360 470 2533 539 obli-

499 562 647 651 gati
662 584 681 644 ;
729 562 1110 631 saeculares
1155 571 1393 631 autem
1439 580 1599 629 cum
1648 571 1921 643 octava,
1980 560 2367 649 regulares.
2389 560 2543 629 sine

502 662 778 721 octava.

632 738 965 810 Officium
1007 737 1348 808 Titularis
1391 736 1733 807 Ecclesiae
1777 736 1894 805 vel
1939 736 2256 808 Oratorii
2328 736 2543 824 parti-

497 827 778 909 culariS,
822 827 1377 917 persolvendum
1406 838 1516 896 est
1548 850 1589 896 a
1621 838 1769 896 toto
1801 827 2039 910 Cler0,
2070 826 2132 895 si
2164 825 2535 904 exstiterit,

496 916 615 987 vel
657 940 700 987 a
744 916 1137 988 Sacerdote
1185 916 1396 986 dictae
1440 916 1821 1009 Ecclesiae„
1846 928 1966 984 aut
2027 916 2311 1005 publico
2361 913 2548 982 Ora-

495 1006 684 1076 torio
727 1004 1032 1076 addicto.
1077 1002 1182 1074 Illi
1227 1015 1463 1074 autem
1530 1006 1624 1073 ita
1671 1005 1928 1074 addicti
1996 1017 2381 1073 censentur
2430 1002 2539 1071 ali·
2680 994 2684 1063 A

499 1096 614 1165 cui
659 1094 1024 1177 Ecclesiae,
1073 1104 1150 1162 ut
1197 1094 1407 1184 hujus
1452 1092 1794 1163 Titularis
1847 1093 2106 1163 festum
2177 1093 2549 1161 celebrare

495 1195 568 1253 et
600 1182 932 1254 Officium
965 1183 1263 1252 recitare
1294 1184 1625 1265 debeant,
1657 1184 1799 1271 qui,
1834 1194 1911 1251 ut
1940 1184 2246 1252 vidimus
2277 1184 2375 1269 (n.
2406 1184 2539 1270 45),

497 1271 590 1341 ad
634 1272 894 1341 festum
941 1293 1226 1362 quoque
1280 1271 1783 1341 celebrandurn
1840 1271 2171 1341 Officium
2224 1294 2314 1339 ue
2371 1272 2541 1338 reci-

496 1360 786 1430 tandum
852 1373 1182 1430 tenentur
1231 1361 1720 1430 Dedicationis
1790 1362 2098 1450 propriae
2226 1360 2535 1429 cclesiae.

500 1448 613 1521 Cf.
661 1450 870 1518 etiarn
920 1449 1214 1519 dicenda
1257 1448 1400 1519 Tit.
1448 1471 1600 1539 seq.
1649 1448 1824 1537 Cap.
1870 1450 1922 1518 I.

628 1538 1031 1628 Regulares
1073 1539 1260 1607 idem
1307 1550 1651 1628 praestant
1695 1539 1932 1627 quoad
1976 1538 2372 1607 Titularem
2418 1537 2542 1605 Ec·

503 1625 742 1697 clesiae
790 1627 1207 1697 Conventus
1251 1628 1320 1696 in
1370 1649 1514 1716 quo
1559 1640 1945 1709 morantur,
2002 1640 2074 1696 et
2127 1628 2339 1695 etiam
2413 1626 2534 1696 Se·

493 1716 884 1875 lginafistffl
955 1716 1192 1806 quoad
1259 1716 1652 1786 Titularem
1727 1716 2070 1785 Ecclesiae
2131 1716 2536 1806 principalis
2682 1780 2684 1795 ,

560 1826 901 1874 emmam.

633 1891 819 1979 Quae
869 1892 1001 1962 ’am
1053 1893 1358 1963 diximus
1405 1895 1497 1963 de
1540 1893 1777 1964 Sociis
1822 1894 2108 1963 Patroni
2143 1895 2337 1963 etde
2368 1916 2536 1983 qua·

493 1980 689 2139 litatle
735 1916 972 2053 Offilcii
1019 1983 1222 2052 istius
1253 1983 1370 2071 (cf.
1401 2005 1467 2052 n.
1505 2004 1653 2074 150,
1686 1986 1879 2075 seq.),
1910 1981 2211 2052 Titulari
2246 2004 2528 2073 quoque

496 2093 539 2140 a
663 2084 956 2141 1cantur.

540 2093 934 2229 ppDemutn
1003 2171 1247 2231 notare
1322 2173 1616 2252 praestat
1680 2161 1941 2230 festum
2003 2161 2344 2230 Titularis
2406 2161 2531 2228 Ec-

492 2247 752 2332 clesiae,
800 2270 942 2318 non
987 2271 1196 2320 secus
1241 2273 1323 2319 ac
1379 2251 1639 2319 festum
1684 2251 1970 2319 Patroni
2018 2250 2175 2332 loci,
2252 2271 2529 2338 semper
2680 2315 2682 2336 Ι

492 2337 740 2407 haberi
786 2339 885 2406 uti
919 2339 1364 2428 primarium,
1435 2339 1619 2423 licet,
1667 2362 1798 2428 per
1857 2362 1957 2421 se,
2032 2341 2219 2409 inter
2287 2362 2525 2408 secun·
2680 2343 2682 2487 ἱ

492 2425 688 2494 daria
735 2427 827 2494 sit
871 2428 1315 2497 recensitum.
1364 2428 1465 2497 Ita
1512 2451 1579 2497 v.
1626 2450 1698 2516 g.
1752 2428 2014 2497 festum
2076 2428 2214 2499 SS.
2270 2429 2522 2498 Cordis

425 2561 428 2566 -
482 2513 676 2602 Jesu,
720 2515 1002 2584 Rosarii
1047 2515 1129 2585 B.
1175 2517 1425 2586 Mariae
1470 2517 1579 2600 V„
1614 2517 1995 2587 Cathedrae
2031 2517 2107 2587 S.
2141 2518 2353 2599 Petri,
2396 2530 2518 2585 etc.

493 2615 658 2672 sunt
688 2612 819 2693 per
863 2627 938 2672 se
982 2607 1444 2688 secundaria:
1494 2619 1564 2674 at
1610 2607 1941 2694 primaria
1990 2608 2301 2675 evadunt
2350 2608 2409 2675 si
2438 2607 2521 2674 ad

492 2690 886 2762 Titularem
930 2693 1273 2763 Ecclesiae
1323 2706 1643 2784 spectant
1689 2695 1803 2782 (cf.
1851 2718 1920 2764 n.
1976 2696 2109 2785 38).

1305 2881 1566 2952 CAPUT
1614 2880 1719 2953 IV.
2674 2781 2681 2964 Ι

794 2987 925 3067 De
982 2985 1302 3068 Officio
1356 2985 1709 3066 ratione
1768 2985 2225 3088 Reliquiae.

630 3147 776 3248 156.
824 3145 1254 3216 Sanctorum
1299 3143 1672 3245 Reiiquiae,
1720 3156 1797 3245 ,ut
1863 3144 2238 3247 plurimnm
2286 3147 2354 3213 in
2403 3145 2523 3213 Ec-

489 3234 725 3305 clesus
769 3243 1244 3314 asservantur,
1292 3243 1371 3300 ut
1414 3234 1509 3300 1b1
1542 3233 1886 3321 publicuS,
1922 3257 2041 3324 qui
2074 3257 2178 3303 eis
2211 3236 2512 3317 debetur,

496 3324 726 3393 cultus
775 3324 950 3414 ipsis
999 3322 1323 3412 praestari
1373 3323 1617 3410 possit.
1664 3321 1889 3392 Sacra
1942 3336 2176 3393 autern
2221 3323 2521 3414 Liturgia
