2713 4137
515 213 608 304 38
966 235 1056 280 m:
1102 231 1340 281 mvmo
1392 233 1666 281 ori-’1010
1716 232 1786 280 1N
1835 231 2111 280 GENERE

651 351 805 422 Usu
859 360 1094 420 autem
1145 352 1476 439 liturgico
1532 374 1815 440 semper
1868 364 2235 441 receptum
2288 352 2421 419 fuit
2504 364 2617 418 ut

521 441 948 510 Sanctorum
998 442 1324 508 nativitas
1370 442 1803 528 temporaliS,
1851 442 2196 510 celebrari
2251 464 2395 509 non
2454 441 2609 508 de-

521 532 705 611 beat,
753 543 1046 620 excepta
1095 530 1456 598 nativitate
1505 528 1840 618 Deiparae
1890 530 2227 618 VirginiS,
2261 552 2391 597 nec
2424 552 2607 597 non

522 619 600 688 S.
662 619 952 704 Joannis
1017 618 1380 706 Baptistae,
1438 620 1699 706 quippe
1756 642 1918 708 quae
1991 630 2231 687 sancta
2286 619 2416 686 fuit
2480 631 2601 700 et,

521 708 807 776 diverso
853 708 1016 776 licet
1062 709 1295 789 mod0,
1346 708 1435 775 ab
1483 708 1804 795 originali
1856 719 2149 796 peccato
2200 729 2463 796 expers
2540 709 2598 776 ².

652 797 964 885 Idipsum
1010 796 1467 864 confirmatur
1512 798 1771 880 verbiS,
1828 799 2087 886 quibus
2119 797 2597 865 concluditur

515 887 747 974 prima
797 885 1127 973 strophes
1176 886 1424 973 hymni
1470 886 1541 953 in
1591 884 1847 954 Officio
1882 885 2396 955 Confessorum
2430 889 2597 953 Iste

525 974 916 1063 Confessor,
967 975 1232 1042 scilicet
1254 1001 1278 1041 .·
1323 975 1485 1042 Hac
1530 974 1637 1042 die
1684 974 1880 1042 loetus
1928 975 2179 1043 meruit
2207 973 2449 1042 beatas
2490 1015 2593 1023 —

528 1062 876 1132 Scandere
919 1063 1132 1131 sedeS.

655 1151 942 1219 Verum‘
993 1152 1353 1239 multiplici
1388 1152 1477 1220 de
1508 1174 1740 1234 causa,
1788 1152 2106 1220 Ecclesia
2151 1152 2588 1240 frequenter

525 1242 808 1311 Sanctis
858 1241 1166 1309 colendis
1215 1242 1367 1308 dies
1401 1242 1804 1328 designavit
1835 1242 2159 1309 diversos
2191 1242 2281 1308 ab
2313 1263 2579 1308 eorum

520 1329 884 1398 natalibus,
911 1329 1084 1398 Dies
1109 1341 1342 1398 autem
1377 1330 1803 1418 hujusmodi,
1837 1354 1877 1398 a
1909 1331 2238 1398 natalitiis
2273 1330 2576 1410 diversi,

523 1441 703 1506 quos
750 1419 1068 1487 Ecclesia
1122 1419 1621 1487 determinavit
1689 1441 1818 1505 pro
1887 1419 2311 1507 quibusdam
2359 1419 2577 1486 festis

523 1508 971 1590 Sanctorum,
1022 1508 1349 1575 dicuntur
1395 1507 1935 1594 quasi-natalitii
1974 1519 2045 1576 et
2092 1509 2192 1575 sic
2226 1529 2365 1574 non
2401 1520 2579 1575 sunt

523 1597 756 1753 11ninus
803 1597 1070 1718 proprii
1102 1618 1313 1685 quam
1346 1597 1635 1664 natalitii
1661 1621 1677 1678 ;
1728 1619 1949 1685 quare
1998 1598 2252 1664 horum
2274 1596 2571 1683 juribus

567 1697 862 1752 ruuntur
939 1739 954 1753 .

659 1775 814 1843 Huc
861 1784 1132 1861 spectat
1199 1774 1490 1841 mutatio
1558 1773 1880 1842 facienda
1949 1775 2017 1841 in
2089 1775 2355 1861 hymno
2426 1777 2575 1842 Iste

529 1861 920 1951 Confessor‚
977 1862 1178 1949 cujus
1233 1865 1459 1951 prima
1516 1865 1865 1951 strophes,
1937 1886 2097 1930 cum
2168 1864 2406 1950 agitur
2477 1865 2570 1931 de

525 1951 794 2021 Sancto
850 1950 1303 2033 Confessore,
1362 1952 1450 2019 de
1504 1974 1647 2040 quo
1702 1953 1778 2020 fit
1833 1953 2091 2019 festum
2165 1965 2235 2019 et
2305 1954 2574 2038 persol-
2679 2017 2680 2020 ,

525 2043 712 2109 vitur
761 2039 1090 2109 Officium
1137 2041 1208 2108 in
1260 2041 1373 2109 die
1422 2042 1975 2129 quasi-natalitia,
2026 2041 2120 2108 ita
2153 2051 2259 2109 est
2292 2044 2570 2110 conclu-

523 2130 797 2199 denda:
869 2130 1030 2197 Hac
1076 2129 1182 2197 die
1225 2128 1424 2197 loetus
1470 2132 1720 2197 meruit
1760 2140 2120 2219 supremos
2164 2172 2252 2180 —
2298 2130 2571 2199 Laudis

524 2220 836 2287 honores,
884 2219 1019 2302 (Cf.
1067 2242 1133 2287 n.
1179 2223 1312 2306 22).

656 2330 766 2396 42.
815 2306 1170 2376 Innuimus
1207 2308 1359 2396 jam
1394 2314 1482 2393 (n.
1520 2313 1632 2395 40)
1672 2330 2174 2396 nonnunquam
2231 2306 2563 2376 Officium

523 2396 828 2485 aliquod,
873 2408 1169 2484 propter
1213 2419 1598 2465 occurrens
1645 2399 1713 2465 in
1763 2397 1877 2465 die
1935 2398 2221 2484 propria
2279 2398 2564 2484 impedi-

522 2497 863 2643 }nentiglm,
911 2506 1072 2553 esse
1118 2486 1190 2553 in
1238 2485 1427 2554 diem
1476 2487 1678 2555 aliam
1734 2509 1874 2553 non
1929 2486 2288 2574 propriam
2343 2498 2566 2554 trans-

554 2597 722 2643 eren
780 2597 919 2643 um.

625 2827 677 2891 1)
715 2823 778 2879 S.
814 2822 888 2877 R.
925 2822 991 2877 C:
1033 2838 1101 2891 19
1138 2822 1280 2877 Dec.
1322 2822 1480 2891 1893,
1521 2838 1579 2877 n.
1618 2822 1777 2891 3816.

621 2897 678 2961 2)
717 2893 808 2948 Ita
845 2894 1067 2948 scimus
1103 2891 1166 2947 S.
1204 2892 1250 2947 F
1252 2893 1587 2948 ranciscum
1625 2892 1919 2948 Salesium
1958 2890 2181 2948 obiisse
2220 2892 2316 2947 die
2353 2894 2427 2947 28
2460 2892 2569 2947 De-

513 2964 790 3033 cembris,
827 2970 889 3018 et
924 2963 986 3019 S.
1023 2963 1310 3019 Basilium
1348 2963 1632 3046 Magnum
1667 2964 1743 3018 ad
1784 2962 1994 3017 caelum
2032 2964 2325 3035 migrasse
2385 2963 2479 3018 die
2538 2981 2563 3018 1

502 3036 807 3107 Januarii;
845 3040 905 3089 et
964 3041 1165 3089 tamen
1201 3034 1420 3089 festum
1456 3034 1614 3089 illius
1652 3034 1953 3105 peragitur
2010 3034 2108 3089 die
2166 3052 2239 3105 29
2289 3034 2562 3105 Januarii,

513 3106 689 3176 hujus
713 3113 912 3162 autem
937 3105 1155 3159 festum
1181 3106 1550 3177 assignatum
1601 3105 1710 3159 fuit
1753 3105 1868 3159 diei
1902 3123 1967 3177 14
2007 3105 2187 3176 Junii.
2237 3105 2435 3173 Quare
2469 3107 2562 3161 isti

514 3178 644 3233 dies
681 3178 976 3233 habentur
1009 3177 1346 3246 respective
1368 3194 1478 3231 ceu
1515 3177 1684 3247 quasi
1712 3176 1960 3232 natalitii
1998 3178 2305 3249 utriusque
2349 3176 2561 3232 Sancti.

514 3248 742 3303 Verum
770 3255 1046 3303 notamus
1071 3247 1227 3303 festa
1247 3249 1535 3320 primaria
1577 3247 1930 3304 Sanctorum
1968 3248 2108 3303 talia
2127 3265 2372 3304 manere
2395 3248 2561 3303 etiam

516 3319 754 3391 quando
791 3319 925 3391 ipsa
961 3326 1133 3375 extra
1171 3318 1327 3373 diem
1367 3318 1710 3387 natalitiam,
1747 3319 1847 3373 vel
1892 3320 2060 3391 quasi
2098 3319 2441 3387 natalitiam,
2476 3336 2559 3374 re-

515 3397 837 3461 ponuntur.
