2713 4137
431 213 522 278 30
591 213 678 258 DE
726 213 811 260 ns
857 213 1026 270 QUAE
1073 213 1299 260 MISSAE
1348 215 1637 260 CELEBR.
1671 215 2347 274 PRAEREQUIRUNTUR

433 335 852 420 praeseferat
926 335 1365 423 palmatoriae
1437 338 1859 426 episcopalis
1927 339 2169 427 (vulgo
2240 339 2483 429 bugia)

437 422 759 504 formam,
809 427 1218 492 conceditur
1268 427 1310 492 ¹.

568 512 877 580 Rub1·ica
923 514 1227 580 Missalis
1275 516 1372 580 ait
1416 515 1803 601 parandum
1874 539 2034 584 esse
2104 540 2393 585 cereum
2444 543 2487 586 a

437 612 634 687 parte
681 601 1016 688 Epistolae
1064 604 1591 671 accendendum
1662 605 1749 671 ad
1818 605 2289 674 elevationem
2359 607 2487 676 Sa-

437 693 770 756 cramenti
821 703 891 757 et
937 693 1494 778 extinguendum
1566 705 1724 780 post
1793 693 2386 763 Communionem
2438 697 2484 763 ².

434 778 770 846 Attamen
819 781 1252 866 interrogata
1299 781 1377 850 S.
1425 781 1509 848 R.
1559 781 2085 870 Congregatio:
2140 814 2169 844 a
2224 785 2487 852 Utrum

437 869 876 935 consuetudo
924 871 1192 937 servari
1243 872 1465 957 possit
1513 893 1653 936 non
1703 874 2133 940 accendendi
2189 876 2482 940 tertium

437 977 719 1023 cereum
767 958 834 1023 in
884 957 1120 1025 Missis
1170 958 1367 1026 lectis
1399 982 1438 1025 a
1473 961 2000 1027 consecratione
2034 963 2123 1029 ad
2155 984 2489 1029 consum-

437 1047 813 1113 mationem
845 1046 880 1113 ?
933 1075 962 1106 n
1017 1049 1433 1134 respondit:
1484 1077 1515 1108 a
1567 1047 2011 1117 Affirmative
2058 1051 2102 1118 ⁸.
2143 1079 2173 1111 n
2210 1050 2362 1120 Sed
2412 1053 2484 1118 in

435 1134 656 1201 Missa
704 1135 999 1202 solemni
1078 1137 1218 1202 duo
1292 1136 1541 1204 saltem
1609 1139 1958 1204 intorticia
2028 1140 2487 1208 accendenda

438 1236 602 1289 sunt
647 1224 736 1290 ad
783 1224 995 1291 finem
1027 1225 1495 1306 Praefationis,
1546 1227 2019 1312 extinguenda
2052 1239 2213 1315 post
2256 1228 2488 1295 eleva-

437 1313 704 1378 tionem
752 1312 1031 1392 Calicis,
1080 1315 1240 1380 imo·
1270 1328 1431 1401 post
1480 1314 2089 1396 Communionem,
2160 1318 2220 1383 si
2267 1316 2487 1405 aliqui

437 1413 602 1467 sunt
649 1403 1230 1484 communicandi,
1299 1403 1412 1469 vel
1460 1405 1707 1471 diebus
1754 1404 2198 1491 jejuniorum,
2247 1417 2372 1472 aut
2418 1407 2487 1472 in

439 1489 660 1557 Missa
708 1491 797 1557 de
846 1490 1179 1576 Requiem
1229 1493 1274 1558 ⁴.

570 1601 677 1666 37.
727 1578 1030 1646 Demum
1101 1581 1171 1645 in
1241 1581 1485 1647 Missae
1555 1581 2029 1649 celebratione
2105 1584 2492 1670 requiritur

438 1670 694 1736 tabella
743 1681 1175 1735 secretarum
1222 1671 1291 1736 in
1341 1670 1595 1749 medi0‚
1646 1671 1734 1736 ad
1767 1672 2016 1758 pedem
2062 1671 2317 1739 Crucis
2352 1673 2488 1740 col-

439 1757 738 1824 locanda
765 1758 810 1837 ⁵,
837 1758 948 1824 cui
973 1781 1062 1824 ex
1087 1779 1219 1824 usu
1253 1759 1408 1825 aliae
1441 1760 1602 1826 duae
1627 1759 1952 1826 laterales
1975 1760 2139 1827 addi
2164 1773 2486 1846 possunt,

442 1869 606 1912 ¹cum
654 1846 924 1933 psalmo
972 1847 1248 1914 Lavabo
1295 1859 1366 1914 et
1411 1849 1607 1914 initio
1651 1847 2019 1935 Evangelii
2053 1848 2130 1918 S.
2169 1849 2488 1934 JoanniS.

439 1934 612 2010 Item
662 1936 1006 2015 cussinuS,
1055 1936 1170 2002 vel
1237 1935 1446 2022 legile
1516 1936 1675 2004 velo
1750 1948 2162 2024 coopertum
2223 1939 2487 2006 coloris

442 2035 1036 2110 paramentorum,
1087 2035 1204 2092 aut
1250 2027 1461 2092 etiarn
1509 2024 1774 2094 affabre
1824 2026 2278 2108 elaboratum,
2352 2048 2487 2115 pro

441 2113 854 2185 sustinendo
901 2113 1190 2181 Missali.
1237 2113 1582 2181 Parentur
1628 2115 1956 2203 ampullae
1990 2138 2147 2183 cum
2197 2118 2365 2183 vino
2414 2128 2488 2183 et

442 2224 642 2288 aqua,
693 2224 854 2288 quae
904 2203 1042 2268 sint
1072 2203 1340 2282 vitreae,
1392 2204 1484 2269 ob
1524 2204 1866 2289 majorem
1900 2206 2335 2286 munditiem,
2368 2206 2491 2273 vel

443 2312 533 2356 ex
579 2312 774 2371 auro,
824 2302 1118 2377 argento
1168 2290 1210 2372 ⁰,
1261 2293 1402 2358 imo
1469 2303 1539 2357 et
1594 2306 1886 2375 stamn0,
1952 2315 2093 2360 non
2163 2316 2337 2381 vero
2394 2316 2491 2361 ex

443 2400 590 2447 aere
637 2380 752 2446 vel
797 2379 1009 2459 ferm,
1060 2392 1349 2466 propter
1395 2382 1807 2468 aeruginem,
1857 2393 1927 2448 et
1958 2382 2344 2450 dummodo
2394 2385 2491 2449 si-

441 2489 586 2553 gno
657 2468 893 2555 aliquo
939 2468 1143 2534 facile
1192 2490 1333 2535 una
1379 2471 1467 2538 ab
1515 2470 1649 2537 alia
1718 2471 2175 2539 discernatur.
2238 2471 2484 2539 Pelvis

543 2734 594 2800 1)
622 2732 682 2787 S.
709 2734 783 2789 R.
809 2732 875 2787 C.
899 2732 1070 2789 Decr.
1096 2732 1316 2789 Gener.
1340 2752 1407 2803 31
1439 2734 1579 2803 Maji
1608 2735 1763 2805 1817.
1790 2752 1847 2790 n.
1870 2750 2042 2805 25793
2072 2751 2134 2788 11
2163 2734 2305 2789 Dec.
2336 2736 2499 2807 1885,

437 2821 494 2858 n.
531 2805 691 2874 3647,
731 2804 806 2858 ad
857 2804 955 2859 IV.
995 2812 1055 2859 et
1093 2804 1164 2859 V.

538 2880 596 2942 2)
637 2874 801 2931 Miss.
840 2875 1012 2929 Rom.
1056 2875 1235 2929 Rubr.
1279 2874 1480 2931 Gener.
1528 2876 1637 2931 Tit.
1683 2875 1817 2931 XX.

432 2970 442 2986 -
480 2950 484 2955 '
540 2951 596 3015 3)
635 2945 696 2999 S.
735 2947 808 3005 R.
845 2946 981 3015 C..9
1010 2946 1171 3015 Junii
1211 2948 1367 3015 1899,
1408 2965 1464 3003 n.
1498 2964 1657 3017 4029,
1699 2947 1774 3001 ad
1814 2946 1885 3001 II.

541 3020 597 3088 4)
635 3018 801 3071 Miss.
839 3017 1008 3072 Rom.
1046 3017 1218 3071 Ritus
1255 3018 1450 3075 celebr.
1491 3018 1655 3073 lMiSS.
1699 3018 1753 3072 T
1751 3022 1809 3071 it.
1862 3017 2031 3073 VIII.
2073 3034 2129 3071 n.
2168 3020 2225 3073 8.

541 3092 598 3159 5)
637 3089 888 3143 Nonnisi
925 3105 1002 3141 ex
1039 3087 1274 3142 Indulto
1311 3088 1663 3159 Apostolieo
1718 3088 1859 3142 licet
1916 3089 2299 3143 inferioribus
2358 3090 2504 3161 Epi-

435 3174 619 3230 scopo
659 3160 741 3213 uti
781 3160 1043 3227 Canone,
1081 3176 1189 3215 seu
1224 3159 1376 3214 libro
1415 3160 1513 3229 qui
1551 3159 1838 3214 Ordinem
1876 3160 2081 3215 Missae
2120 3160 2389 3213 continet
2433 3171 2503 3218 et

437 3237 576 3284 ante
616 3231 818 3285 oculos
855 3230 1245 3299 CelebrantiS,
1284 3247 1467 3300 super
1512 3247 1784 3285 mensam
1840 3239 2092 3300 erectus,
2151 3230 2503 3290 collocatur.

438 3298 499 3354 S.
537 3301 609 3355 R.
647 3301 711 3355 C.
755 3318 816 3355 11
858 3302 1001 3357 Dee.
1043 3303 1197 3372 1885,
1239 3320 1295 3357 n.
1333 3303 1493 3372 3647,
1533 3301 1608 3356 ad
1646 3301 1744 3357 IV.
1785 3309 1845 3355 et
1884 3302 1955 3357 V.
2024 3345 2027 3349 .

542 3374 597 3440 6)
638 3371 699 3426 S.
740 3372 814 3427 R.
853 3372 916 3427 C.
953 3374 1026 3427 28
1060 3374 1208 3443 Apr.
1251 3374 1405 3441 1866,
1446 3391 1501 3428 n.
1530 3389 1691 3443 3149.
