2713 4137
2124 230 2249 297 159

332 352 421 421 Et
465 355 533 420 in
582 365 743 421 nota
798 353 1104 421 addidit:

301 501 326 529 n
379 479 442 533 Si
481 479 607 532 noti
657 484 879 549 quanto
938 480 1028 533 sia
1077 478 1483 533 interessante
1535 485 1750 548 questa
1800 478 2255 534 dichiarazione.

187 550 422 605 Purche
460 568 541 604 un
598 550 845 620 qualche
902 566 1150 604 numero
1211 547 1273 603 di
1327 549 1506 603 fedeli
1560 550 1997 621 intervengano
2048 550 2125 603 ad
2172 566 2253 603 un

186 621 467 677 Oratorio
505 621 755 691 private,
794 621 836 676 il
871 620 1148 676 Vescovo
1186 620 1263 673 ha
1302 620 1503 675 diritto
1530 620 1589 675 di
1616 631 2023 689 permetterne
2048 622 2106 675 la
2131 637 2255 675 ere-

186 693 364 747 zione
400 710 436 746 e
473 692 531 746 la
569 692 977 746 celebrazione
1018 690 1173 745 della
1210 690 1271 747 S.
1311 691 1529 759 Messa,
1571 691 1648 745 da
1683 692 1886 746 valere
1925 708 1959 747 a
1985 693 2123 746 tutti
2150 692 2252 746 nei

187 764 251 817 di
287 763 506 830 festivi,
542 764 606 817 in
643 762 1082 817 soddisfazione
1122 762 1216 815 del
1255 770 1527 831 precetto
1568 763 1605 818 ¹.
1645 784 1671 812 n

332 888 600 956 Verum
677 886 1162 976 Ephemerides
1238 886 1638 975 Liturgz'coe,
1719 909 1883 975 quae
1978 888 2245 975 pariter

197 978 449 1046 Romae
498 979 823 1058 eduntur,
873 976 1255 1043 Decretum
1309 998 1522 1063 super
1571 976 1865 1043 relatum
1899 976 2245 1062 interpre-

201 1078 456 1147 tanteS,
504 1067 572 1133 in
624 1067 980 1133 diversam
1014 1065 1340 1131 abierunt
1378 1066 1816 1146 sententiam,
1854 1076 1923 1131 et
1969 1065 2247 1131 titulum

200 1156 292 1222 ab
338 1155 813 1243 Ephemeride
861 1153 930 1221 Il
974 1152 1316 1221 Momtore
1349 1153 1822 1221 Ecclesiastico
1857 1153 2243 1240 praefixum,

199 1266 361 1311 cum
432 1244 747 1329 subjecta
819 1256 1002 1323 nota,
1055 1264 1354 1310 censura
1404 1254 1734 1311 notarunt
1784 1242 1829 1309 ².
1878 1241 2244 1311 Sententia

200 1345 440 1400 autem
485 1331 1022 1420 Ephemeridum,
1050 1330 1609 1420 Liturgicarum,
1659 1343 1735 1399 ut
1791 1333 2031 1417 paucis
2087 1353 2242 1397 earn

202 1421 615 1503 referamus,
668 1434 794 1502 est,
853 1420 1238 1487 Decretum
1310 1423 1380 1487 in
1452 1420 1775 1487 Romana
1846 1420 2243 1487 nullatenus

198 1512 296 1577 ita
343 1532 503 1577 esse
561 1509 1117 1596 intelligendum,
1176 1522 1252 1576 ut
1303 1508 1731 1576 Ordinarius
1786 1509 1921 1576 loci
1968 1508 2245 1597 permit7

197 1610 351 1665 tere
400 1600 625 1687 possit
669 1600 764 1665 in·
800 1597 1153 1665 Oratoriis
1197 1598 1500 1685 privatis
1556 1598 2107 1665 celebrationem
2177 1607 2248 1663 et

199 1688 627 1755 auditionem
675 1688 940 1760 Missae,
993 1688 1050 1753 si
1101 1688 1338 1775 plures
1392 1686 1638 1753 fideles
1696 1687 1783 1752 ad
1854 1708 1939 1753 ea
1987 1708 2245 1753 conve-

199 1776 416 1857 niant,
465 1788 540 1842 ut
588 1776 812 1845 Sacro
847 1776 1191 1857 intersint,
1242 1777 1453 1841 etiam
1501 1776 1569 1841 in
1620 1774 2242 1861 adimplementum

199 1867 541 1953 praecepti
586 1864 820 1931 festivi
829 1887 846 1945 ;
883 1865 1008 1931 sed
1041 1867 1136 1931 ita
1169 1876 1246 1930 ut
1277 1865 1344 1930 in
1381 1863 1736 1931 Oratoriis
1766 1861 2238 1949 semz'publz'cis,

199 1976 330 2021 seu
379 1954 468 2021 ad
502 1952 1062 2022 Communitates
1097 1954 1371 2040 aliaque
1407 1953 1519 2039 pia
1552 1952 1706 2019 loca
1740 1952 2240 2039 spectantibuS,

201 2053 468 2131 praeter
512 2064 856 2131 personas
905 2043 994 2111 ad
1043 2043 1328 2111 easdem
1386 2040 1949 2110 Communitates
2003 2052 2072 2107 et
2129 2041 2241 2127 pia

197 2133 354 2199 loca
399 2133 849 2217 pertinenteS,
901 2134 1109 2199 etiam
1158 2132 1270 2198 alii
1304 2130 1551 2197 fideles
1584 2131 1901 2197 extranei
1938 2130 2232 2217 possint,

199 2221 451 2288 diebus
498 2220 716 2301 festiS,
767 2220 1068 2289 Sacrum
1139 2221 1383 2288 audire
1456 2231 1524 2287 et
1596 2219 2004 2286 satisfacere
2061 2239 2244 2304 prae-

199 2320 426 2396 cept0,
474 2310 875 2376 assentiente
926 2322 1158 2376 tamen
1209 2309 1504 2376 Domino
1552 2307 1694 2388 loci,
1740 2316 1808 2374 et
1845 2309 2243 2376 auctoritate

203 2397 572 2466 Ordinarii
611 2399 1104 2464 interveniente.
1175 2397 1510 2464 Rationes
1585 2396 1793 2482 hujus
1874 2397 2241 2465 sententiae

201 2487 364 2554 duae
450 2488 892 2573 potissimum
967 2487 1387 2567 indicantur,
1482 2485 1855 2552 videlicet:
1938 2506 1995 2552 1.
2075 2486 2239 2572 quia

197 2575 387 2642 circa
432 2576 704 2662 privata
755 2574 1089 2643 Oratoria
1145 2575 1407 2641 nullum
1458 2574 1580 2661 jus
1638 2574 1970 2660 competit
2027 2571 2242 2640 Ordi-

198 2664 416 2730 nariis
441 2686 458 2743 ;
507 2686 728 2752 quare
774 2664 907 2751 ipsi
957 2664 1365 2751 permittere
1416 2673 1777 2751 nequeunt
1806 2661 2131 2728 fidelibus
2166 2673 2242 2728 ut

195 2751 266 2818 in
316 2752 450 2819 illis
495 2753 786 2821 Missam
821 2753 1128 2833 audiant,
1164 2752 1416 2818 diebus
1443 2751 1663 2833 festis,
1690 2752 1780 2818 ad
1804 2750 2239 2839 implendum

196 2852 632 2929 praeceptum
659 2864 676 2922 ;
721 2863 788 2908 2.
820 2841 983 2928 quia
1018 2841 1404 2908 Decretum
1440 2839 1812 2920 Generale,
1849 2838 2049 2926 cujus
2082 2861 2241 2926 par-

197 2929 409 2996 ticula
456 2929 843 3018 explicatur
887 2951 1015 3016 per
1068 2929 1453 2997 Decretum
1488 2930 1555 2994 in
1588 2928 1930 3008 Romana,
1968 2930 2116 3013 agit
2150 2929 2239 2996 de

199 3015 552 3085 Oratoriis
597 3017 1090 3106 semz'publz'cz's;
1139 3040 1361 3106 quare
1410 3019 1497 3086 de
1547 3018 1657 3084 his
1703 3027 1973 3082 tantum
2048 3016 2239 3084 intel-

196 3105 485 3193 ligenda
532 3119 641 3176 est
687 3109 850 3176 data
882 3107 1277 3193 explicatio·

298 3321 352 3388 1)
391 3318 450 3374 Il
480 3320 685 3376 Monit.
726 3320 934 3375 EccleS.
973 3321 1105 3376 Sez.
1143 3319 1226 3375 II.
1279 3318 1404 3374 Vol.
1441 3318 1560 3373 III.
1594 3327 1732 3391 pag.
1762 3332 1903 3388 349.

295 3393 350 3459 2)
390 3391 626 3464 Ephem.
665 3391 891 3463 Liturg.
929 3408 1019 3446 an.
1061 3408 1215 3460 1902,
1251 3407 1394 3460 pag.
1426 3407 1478 3445 2.
