2713 4137
565 228 696 275 100
1055 232 1144 277 DE
1188 230 1427 278 DIVINO
1474 232 1748 280 OFFICIO
1794 236 1867 282 IN
1912 236 2144 283 SPECOE

560 351 639 419 fit
689 351 931 418 saltem
983 353 1560 419 commemoratio
1606 375 1766 421 cum
1813 355 1937 424 IX.
1993 357 2294 424 lectione
2352 380 2439 424 ex
2489 358 2603 426 ho-

560 441 750 507 milia
794 441 864 506 in
913 440 1281 521 Matutine,
1329 442 1460 507 nisi
1510 455 1835 511 occurrat
1883 445 2163 533 Duplex
2206 445 2257 513 Ι.
2316 447 2599 527 classis;

562 531 772 598 habet
866 551 1099 616 uoque
1132 530 1479 596 adnexam
1529 545 1851 600 octavam
1900 556 2367 614 communem,
2414 536 2601 603 infra

557 641 768 707 quam
890 618 1150 684 fficium
1199 620 1498 685 sumitur
1552 643 1639 686 ex
1693 620 2055 690 Communi
2094 624 2603 711 Apostolorum,

555 708 870 793 exceptis
916 708 1352 786 lectionibuS,
1402 730 1563 795 quae
1613 712 1921 796 propriae
1972 724 2149 778 sunt.

687 796 961 876 Romae,
1014 797 1166 863 haec
1231 810 1484 863 octava
1545 798 1904 885 singulare
1969 802 2415 887 privilegium
2484 804 2597 869 ha-

556 887 692 967 bet,
746 896 815 953 et
863 885 1023 952 ideo
1071 886 1322 972 quavis
1372 885 1485 952 die
1544 887 1790 954 saltem
1850 892 2597 957 commemorationem

696 976 706 987 ·
881 975 898 1005 1

565 977 838 1153 Obtigil
885 1026 1132 1129 Mense
1179 1066 1412 1148 julio,
1460 1062 1664 1130 Dom.
1740 1064 1789 1132 Ι.
1847 1064 2350 1133 Pretzbsissimi
2408 1067 2597 1135 San-

541 1156 788 1241 guinis
835 1150 934 1237 D,
975 1153 1062 1219 N.
1093 1152 1170 1234 J.
1222 1150 1294 1220 C.
1358 1150 1567 1237 Dupl.
1639 1152 1719 1221 ΙΙ.
1770 1153 1853 1220 cl.
1924 1194 2011 1203 -—
2084 1155 2383 1241 Quoties
2460 1158 2597 1223 hoc

549 1242 828 1319 festum,
882 1242 1071 1328 quod
1125 1241 1616 1307 secundarium
1668 1254 1795 1323 est,
1869 1243 2246 1329 impeditur
2312 1248 2403 1312 ab
2453 1246 2593 1312 alio

551 1332 726 1397 ritus
773 1330 1038 1397 altioris
1071 1328 1187 1396 vel
1217 1331 1427 1395 etiam
1452 1330 1766 1417 aequaliS,
1800 1332 1927 1398 sed
1966 1334 2317 1419 primariO,
2354 1334 2589 1421 ipsum

546 1419 970 1487 transfertur
1015 1420 1086 1484 in
1133 1418 1430 1504 primam
1480 1420 1665 1486 diem
1701 1442 1839 1486 non
1871 1433 2282 1507 occupatam
2314 1444 2352 1489 a
2400 1422 2593 1490 festo

549 1510 724 1575 ritus
772 1508 1088 1593 Duplicis
1134 1506 1185 1575 Ι.
1234 1506 1346 1572 vel
1396 1505 1475 1575 II.
1524 1507 1789 1576 classis,

680 1596 836 1664 Hoc
884 1596 1140 1663 festum
1194 1596 1567 1663 mobilibus
1631 1598 2014 1684 improprie
2077 1599 2281 1666 dictis
2335 1622 2593 1667 accen-

548 1699 743 1754 setur
788 1685 902 1772 (cf.
951 1708 1017 1751 n.
1063 1688 1196 1774 33).

681 1776 889 1843 Dom.
936 1773 1048 1841 III.
1097 1774 1234 1841 SS.
1282 1772 1777 1860 Redemptoris.
1827 1774 2036 1861 Dupl.
2111 1776 2270 1861 maj.
2317 1815 2406 1825 —
2460 1776 2590 1845 Est

545 1866 803 1932 festum
854 1862 1272 1951 particulare
1322 1874 1393 1928 et
1456 1864 1971 1945 secundarium,
2043 1876 2253 1952 atque
2324 1867 2590 1933 mobile

545 1954 828 2041 proprie
879 1953 1141 2019 dictum
1187 1950 1298 2034 (cf.
1349 1973 1416 2017 n.
1462 1954 1574 2039 33)
1599 1974 1615 2031 ;
1663 1951 1845 2032 ideo,
1881 1954 2033 2019 sine
2081 1953 2373 2035 indulto,
2424 1976 2590 2021 cum

543 2043 939 2132 impeditur,
989 2038 1354 2108 transferri
1404 2061 1543 2106 non
1590 2052 1843 2126 potest.
1892 2042 2174 2110 Alicubi
2207 2042 2437 2110 altiori
2473 2066 2592 2132 po-

543 2135 712 2199 titur
766 2133 922 2199 ritu.

682 2241 829 2309 135.
876 2220 1122 2287 Mense
1169 2223 1553 2304 Augusto.
1600 2216 1735 2285 Die
1789 2238 1891 2307 15.
1936 2219 2445 2307 Assumptiom-'s
2492 2222 2587 2290 Β.

536 2312 789 2376 Marioe
868 2309 946 2376 V.
1002 2307 1210 2395 Dupl.
1264 2330 1294 2374 1
1347 2308 1431 2373 cl.
1481 2329 1640 2373 cum
1687 2319 1956 2375 octava.
2004 2308 2275 2376 ——Hoc
2322 2309 2589 2377 festum

538 2399 771 2466 locum
819 2409 1011 2464 tenet
1056 2397 1238 2464 inter
1307 2395 1733 2462 solemniora
1806 2395 2146 2466 Ecclesiae
2216 2398 2583 2466 universae

537 2488 650 2574 (cf.
699 2510 765 2555 n.
812 2490 944 2576 33),
993 2496 1062 2552 et
1109 2487 1288 2553 inter
1333 2484 1516 2550 festa
1562 2485 1631 2550 in
1706 2484 2051 2552 honorem
2100 2487 2438 2573 Deiparae
2490 2489 2585 2555 in·

539 2578 776 2644 stituta
823 2589 933 2644 est
979 2574 1666 2654 excellentissimum,
1723 2595 1937 2661 quum
2000 2577 2071 2642 in
2121 2597 2207 2642 eo
2266 2577 2585 2644 celebret

533 2665 849 2733 Ecclesia
896 2665 1225 2732 eximium
1273 2662 1845 2749 singularemque
1903 2664 2333 2751 triumphum
2400 2664 2583 2732 Bea-

531 2756 826 2821 tissimae
875 2752 1210 2838 Virginis,
1259 2773 1399 2839 qua
1446 2751 1579 2832 die,
1630 2751 1877 2818 solutis
1934 2752 2234 2820 vinculis
2298 2756 2575 2836 mortis,

534 2845 687 2931 ejus
736 2845 967 2910 anima
1015 2863 1172 2908 cum
1207 2861 1529 2926 corpore,
1566 2852 1640 2905 ut
1674 2851 2006 2908 constans
2039 2852 2228 2908 tenet
2260 2843 2573 2925 traditio,

533 2931 933 3000 inCaelum
982 2929 1111 2996 fuit
1159 2940 1538 3015 assumpta,
1588 2939 1663 2994 ut
1708 2929 1803 2996 ibi
1851 2930 2295 3018 Angelorum
2350 2933 2582 3000 homi-

484 3047 497 3059 *
533 3042 845 3108 numque
869 3019 1149 3105 Regina
1175 3018 1741 3086 constitueretur.
1924 3040 1935 3046 ’

668 3108 912 3194 Quare
954 3106 1358 3193 hujusmodi
1406 3105 1665 3173 festum
1713 3105 1879 3173 nulli
1926 3107 2127 3175 alteri
2174 3108 2381 3190 cedit,
2430 3110 2579 3178 imo

527 3199 833 3269 habetur
905 3219 1037 3286 pro
1110 3195 1411 3263 Titulari
1479 3194 1753 3262 illarum
1830 3195 2329 3280 Ecclesiamm,
2408 3220 2575 3288 quae

629 3393 683 3464 1)
718 3391 778 3448 S.
816 3390 888 3447 R.
926 3390 990 3447 C.
1027 3391 1204 3446 Decr.
1241 3388 1461 3445 Gener.
1494 3404 1531 3460 5
1570 3388 1698 3460 Julii
1738 3390 1893 3461 1883,
1932 3408 1990 3447 n.
2026 3391 2186 3462 3581,
2225 3390 2328 3448 III.
