2713 4137
716 230 806 274 DE
851 230 1074 275 MISSIS
1127 231 1268 275 PRO
1316 230 1695 276 DEFUNCTIS
2104 221 2229 299 Ϊ39

176 350 439 421 Postea
457 363 526 419 et
551 351 714 418 alibi
753 349 1025 416 Altaria
1054 363 1289 417 erecta
1317 363 1499 432 sunt,
1528 373 1689 437 quae
1724 351 1909 419 dicta
1942 353 2226 420 fuerunt

181 439 620 528 Gregoriana
662 440 761 505 ad
809 440 1054 519 instar,
1088 450 1159 505 et
1207 440 1453 513 iisdem
1504 442 1895 528 privilegiis
1943 444 2223 523 donata,

181 531 443 619 quibus
494 528 1019 615 Gregorianum
1061 528 1322 595 Montis
1364 527 1567 595 Coelii
1632 530 2006 615 gaudebat.

310 620 728 710 Nullatenus
745 629 988 684 autem
1017 618 1250 685 differt
1285 618 1733 706 privilegium
1756 620 2026 687 Altaris
2054 620 2232 689 Grec

175 710 454 798 goriani
485 731 524 775 a
551 707 924 794 privilegio
940 706 1227 787 Altaria,
1245 708 1330 774 de
1351 729 1491 793 quo
1519 730 1731 795 supra
1754 710 2050 794 egimm,
2070 714 2231 777 cum

175 812 323 867 tota
349 796 749 865 differentia
774 797 957 862 sitin
995 796 1276 883 speciali
1309 796 1585 877 fiducia,
1620 820 1759 884 qua
1792 797 2036 865 fideles
2071 802 2233 866 reti-

177 900 347 955 nent
415 886 857 956 Sacrificium
935 885 1180 952 Missae
1257 908 1471 971 super
1546 886 1717 952 illud
1798 887 2228 955 celebratum

180 978 411 1064 magis
458 987 826 1061 acceptum
874 975 961 1041 iri
1008 973 1146 1040 Dei
1208 970 1498 1041 bonitati
1532 998 1549 1055 ;
1586 996 1747 1061 quae
1808 976 2092 1063 quidem
2157 978 2233 1044 fi-

181 1067 409 1145 ducia,
445 1080 520 1131 ut
563 1066 682 1151 pia
725 1076 799 1131 ,et
849 1064 1302 1145 rationabilis,
1339 1065 1427 1130 ab
1458 1063 1777 1133 Ecclesia
1808 1067 2152 1151 probatur
2187 1068 2231 1133 ¹.

325 1156 473 1243 165.
506 1153 655 1222 Sed
675 1155 996 1246 ‘insuper
1029 1156 1199 1243 usug
1257 1153 1556 1241 invalui-t,
1605 1154 1896 1239 triginta
1953 1154 2230 1236 MissaS,

177 1246 402 1331 vulgo
441 1242 936 1330 Gregoriancw,
965 1242 1398 1323 celebrandi,
1425 1265 1587 1329 quae
1614 1243 1851 1328 praxis
1878 1245 2233 1331 propriam

178 1336 486 1422 aliquam
535 1331 1054 1417 Indulgentiam
1091 1354 1330 1399 secum
1368 1354 1508 1398 non
1544 1330 1768 1411 affert,
1804 1333 1930 1419 sed
1962 1344 2235 1419 tantum

177 1423 561 1511 specialem
589 1420 797 1487 &illam
849 1424 1179 1509 supponit
1225 1417 1574 1501 fiduciam,
1624 1438 1835 1508 quam
1885 1418 2100 1487 antea⁴
2136 1423 2235 1505 vi-

178 1515 410 1582 dimus
458 1513 693 1577 inesse
743 1510 1199 1577 celebrationi
1265 1532 1479 1597 super
1534 1510 1783 1581 Altare
1848 1506 2239 1597 Gregoria-'

183 1626 349 1669 num
399 1610 737 1688 peractae.
783 1599 860 1665 In
926 1622 1013 1665 eo
1061 1600 1279 1686 igitur
1327 1611 1437 1665 est
1500 1601 1740 1686 praxis
1806 1599 2230 1685 hujusmodi,

177 1704 256 1759 ut
303 1713 432 1777 per
486 1690 781 1776 triginta
851 1688 1004 1754 dies
1069 1687 1440 1755 continuo's
1492 1689 1534 1767 2,
1588 1690 1739 1755 sive
1802 1690 1893 1755 ab
1958 1689 2239 1775 eodem,·

176 1782 331 1848 sive
366 1803 406 1846 a
441 1779 747 1845 diversis
780 1777 1313 1857 SacerdotibuS,
1350 1789 1421 1844 et
1454 1780 1663 1843 etiam
1700 1799 1917 1864 super
1948 1778 2240 1867 diversa¹

170 1870 470 1949 Altaria,
551 1868 878 1954 quamvis
929 1889 1067 1933 non
1119 1867 1587 1953 privilegiata,
1650 1867 1891 1932 Missae
1940 1859 2245 1932 totidem-
2356 1938 2362 1945 ,

177 1960 649 2036 celebrentur,
701 1957 790 2023 de
841 1955 1197 2042 Requz’em,
1249 1956 1921 2041 ritu-permittente,‘
1984 1946 2242 2042 uelde·

174 2050 312 2129 die,
361 2071 485 2116 eas
533 2044 953 2132 applicando
1003 2068 1130 2132 pro
1181 2044 1408 2112 anima
1456 2044 1592 2125 illa,
1643 2044 1845 2130 cujus
1915 2040 2246 2132 liberatio:

177 2161 220 2204 a
267 2139 498 2224 poenis
543 2137 968 2224 purgatorii.
1004 2135 1421 2222 imploratur
1471 2133 1515 2199 ³..
1807 2141 1811 2146 ’
1870 2215 1873 2218 ἦ
2019 2149 2021 2152 ’

312 2227 516 2293 Patet
562 2225 782 2312 igitur
811 2226 1015 2292 aliud
1066 2246 1226 2292 esse
1261 2224 1553 2290 Missam
1592 2222 1939 2288 celebrari
1975 2221 2063 2287 ad
2112 2221 2237 2287 Al-

178 2327 351 2396 tare,
382 2315 592 2403 ’quod
646 2314 1156 2402 Gregorianum
1222 2312 1337 2380 vel
1386 2312 1484 2378 ad
1538 2313 1767 2377 instar
1822 2311 2101 2400 'dic-itur,
2168 2321 2236 2398 et

181 2404 373 2471 aliud
421 2404 770 2471 celebrari
853 2404 1140 2488 triginta
1212 2403 1495 2483 MissaS‚
1560 2397 1721 2488 qu'ae
1787 2399 2243 2488 Gregorianoe‘

177 2505 699 2581 nuncupantur.
748 2491 1146 2579 Utrumque
1212 2504 1447 2578 potest
1506 2488 1745 2556 simul:
1778 2488 2249 2576 componi,1si'

180 2604 438 2669 nempe
471 2582 681 2648 dictae
717 2582 1006 2667 triginta
1055 2581 1296 2648 Missae
1347 2580 1798 2647 celebrentur
1847 2598 2063 2664 super
2106 2575 2234 2664 Alg-

178 2677 332 2738 ta're
383 2669 917 2759 Gregorz‘anum,
968 2671 1085 2737 vel
1135 2670 1233 2736 ad
1289 2671 1565 2748 iustam
1633 2680 1703 2734 at
1758 2665 2235 2733 necessarium

187 2762 326 2826 hoc
377 2781 517 2826 non
569 2770 702 2825 est

298 3191 352 3253 1)
392 3184 455 3241 S.
493 3187 558 3240 C.
602 3185 832 3256 Indulg.
873 3202 938 3254 15
979 3185 1176 3240 Martii
1219 3187 1372 3254 1884,
1412 3183 1486 3237 ad
1526 3182 1599 3238 11.
1638 3189 1697 3236 et
1734 3181 1835 3236 ΙΙΙ.

283 3259 339 3325 2)
377 3256 558 3310 Hane
586 3255 1047 3310 continuitatem'
1065 3255 1307 3310 minime
1330 3254 1485 3308 tollit
1523 3253 1881 3323 interruptio
1901 3251 2253 3306 'necessario

169 3327 455 3384 facienda
497 3327 562 3382 in
601 3327 808 3381 ultimo
849 3326 1045 3380 triduo
1087 3327 1333 3396 Majoris
1370 3325 1804 3380 Hebdomadae.
2040 3321 2048 3327 ’

285 3400 344 3468 3)
378 3397 455 3452 S:
477 3397 547 3453 C.
600 3397 833 3469 Indulg.
878 3414 945 3467 14
975 3397 1219 3467 Januar.
1253 3397 1415 3466 1889.
