2713 4137
576 247 665 292 DE
710 246 952 295 D1V1No
1002 249 1276 295 OFFICIO
1325 246 1397 293 IN
1444 247 1687 305 SBECIE
2078 248 2161 313 77

249 392 361 456 97.
409 372 478 437 A
529 372 644 437 die
698 392 776 457 17
825 370 1244 437 Decembris
1321 370 1683 449 inclusive,
1762 392 1989 459 usque
2068 373 2157 440 ad

119 458 380 525 festum
427 458 862 547 Epiphaniae,
915 459 1465 546 qualescumque
1524 468 1796 529 octavae
1869 462 2186 547 particu··

117 548 328 629 lareS,
380 550 648 619 scilicet
693 550 763 614 in
813 548 1198 615 universali
1249 547 1671 615 Calendario
1728 570 1869 617 non
1928 571 2164 619 recen-

118 637 298 717 sitae,
326 638 815 720 excluduntur,
868 648 940 705 et
985 659 1147 724 quae
1195 638 1525 728 incoeptae
1550 634 1699 722 jam
1731 637 2011 719 fuerint,
2046 639 2165 707 illa

116 726 230 793 die
278 726 722 806 adveniente,
775 729 1305 813 abrumpuntur.
1826 762 1833 777 =

247 815 372 881 Ab
397 816 644 883 eadem
681 818 794 883 die
828 818 1162 903 incipiunt
1197 815 1603 902 antiphonae
1636 814 1963 901 majoreS,
1996 839 2185 904 quae.

114 914 392 989 septem
450 918 924 987 numerantur,
977 917 1046 973 et
1118 905 1409 972 totidem
1489 904 1739 971 diebus
1812 906 2161 973 continuis

115 992 424 1078 singulae
473 994 816 1076 dicuntur,
868 1016 988 1061 eas
1037 1015 1316 1080 semper
1365 993 1808 1079 duplicandO,
1870 994 1957 1061 ad
2007 994 2160 1061 Ma·

105 1080 429 1168 gnificat.
475 1082 611 1150 Hae
689 1095 1032 1150 vocantur
1079 1083 1484 1169 antiphonae
1537 1082 1641 1161 03
1692 1082 1823 1148 hac
1902 1084 2162 1170 quippe

114 1172 346 1237 vocali
396 1174 871 1240 exordiuntur.

247 1262 425 1328 Post
494 1262 934 1329 Dominicam
1006 1262 1302 1341 tertiam,
1362 1259 1555 1327 feriis
1622 1258 1740 1327 IV.
1788 1271 1860 1327 et
1918 1258 2036 1327 VI.
2082 1286 2166 1331 ac

110 1348 455 1431 SabbatO,
535 1364 915 1419 occurrunt
1011 1350 1333 1434 Quatuor
1407 1348 1765 1435 Tempora
1841 1350 2160 1421 hiemalia

109 1439 218 1521 (cf.
269 1462 338 1507 n.
387 1444 518 1527 90),
569 1462 890 1527 quorum,
943 1442 998 1507 si
1049 1438 1379 1508 Officium
1431 1459 1569 1507 non
1606 1440 2051 1533 persolvitur,
2084 1443 2194 1510 fit·

109 1531 715 1611 commemoratio,
765 1552 921 1595 cum
970 1529 1093 1597 IX.
1141 1530 1441 1599 lectione
1498 1549 1585 1597 ex
1633 1528 1918 1601 homilia
1958 1529 2193 1599 feriae=

109 1631 176 1683 et
225 1620 555 1685 oratione
605 1619 908 1705 propria.
1143 1656 1147 1662 ·
1476 1627 1482 1634 “
1644 1649 1667 1657 ’·
1800 1658 1805 1665 ·

235 1710 352 1793 98.
417 1706 676 1795 Vagilia
722 1706 1133 1775 Nativitatis
1183 1729 1320 1773 una
1384 1718 1495 1772 est
1542 1726 1629 1771 ex
1678 1707 1903 1774 tribus
1951 1710 2189 1794 privis·

103 1796 393 1882 legiatis
441 1796 553 1881 (cf.
603 1818 668 1861 n.
717 1802 848 1884 35),
899 1809 968 1863 et
1017 1796 1184 1862 nulli
1223 1794 1484 1862 Officio
1518 1796 1916 1861 occurrenti
1949 1800 2194 1882 cedit,·

105 1886 252 1951 imo
288 1885 382 1951 de
431 1907 515 1951 ea
562 1884 657 1966 fit,
707 1886 978 1952 etiamsi
1027 1885 1283 1952 incidat
1333 1885 1401 1949 in
1448 1881 1895 1952 Dominicum
1946 1887 2155 1969 diem,

105 1996 252 2060 quo
301 1995 476 2039 casu
526 1973 844 2059 ejusdem
876 1973 1270 2041 Dominicae
1317 1973 1395 2039 fit
1441 1977 2037 2058 commemoratiO,
2088 1990 2161 2045 at

106 2064 264 2130 sine
315 2063 529 2150 hujus
577 2062 698 2130 IX.
753 2064 1053 2133 lectione
1101 2087 1190 2132 ex
1238 2060 1545 2131 homilia.

243 2151 324 2219 Id
376 2164 486 2219 est
531 2153 594 2220 ei
643 2153 1020 2240 singulare,
1053 2155 1244 2243 quod
1277 2153 1695 2221 Matutinum
1729 2155 2159 2239 persolvitur

106 2244 246 2308 ritu
293 2241 754 2328 Semiduplici
833 2264 1057 2330 usque
1106 2245 1194 2310 ad
1243 2243 1523 2311 Laudes
1583 2243 1961 2325 exclusive,
2032 2246 2186 2313 sed·

106 2355 144 2397 a
193 2331 562 2397 Laudibus
610 2343 679 2397 et
728 2331 1060 2418 deinceps
1094 2330 1427 2398 Officium
1462 2344 1571 2398 est
1605 2333 1777 2400 ritus
1810 2331 2157 2421 DupliciS.

241 2420 421 2488 Haec
515 2419 757 2504 vigilia
835 2420 1045 2486 habet
1120 2420 1470 2487 adnexum
1532 2418 1892 2506 jejunium,
1962 2424 2155 2512 quod

105 2522 366 2589 tamen,
417 2508 474 2573 si
524 2507 640 2574 illa
688 2509 756 2574 in
806 2505 1243 2575 Dominicam
1300 2508 1561 2590 incidit,
1610 2509 1679 2574 in
1727 2514 2185 2596 praecedenti-

105 2597 430 2667 Sabbato
478 2608 588 2663 est
636 2596 1183 2665 observandum.-

928 2861 1198 2932 CAPUT
1248 2863 1355 2932 III·

95 3021 228 3100 De
289 3017 637 3100 officiis
695 3042 752 3099 a
806 3019 1290 3103 Nativitate
1348 3022 1465 3102 ad
1519 2973 2187 3122 Epiphaniam(

235 3247 350 3314 99.
431 3225 1102 3294 Praestantissimum
1160 3227 1310 3313 jam
1388 3251 1427 3294 a
1497 3229 1741 3314 primis
1803 3229 2142 3298 Ecclesiae

106 3315 389 3382 saeculis
434 3313 563 3380 fuit
603 3314 866 3400 festum
913 3315 1322 3384 Nativitatis
1353 3316 1655 3400 Domini,
1689 3319 1878 3404 quod
1912 3327 2147 3386 metro-

92 3402 310 3490 polim
365 3402 728 3492 sestorum
800 3406 1102 3474 omnium
1175 3407 1606 3492 nuncupavit
1681 3405 1757 3475 S.
1830 3406 2148 3492 Joannes
