2713 4137
437 217 528 306 38
603 238 692 283 DE
738 236 823 284 ns
868 236 1022 292 QUAE
1067 235 1284 284 mssa:
1333 235 1622 283 CELEBR.
1654 232 2319 290 PRAEREQUIRUNTUR

441 357 830 424 dictionem
890 357 1219 423 amittunt
1295 378 1425 443 per
1502 355 1731 423 solum
1808 354 2183 441 profanum
2252 377 2507 436 usum,

441 446 770 534 quamvis
794 444 1110 512 illicitum
1147 446 1190 512 ¹.
1225 443 1468 513 Grave
1516 456 1749 512 autem
1786 455 1912 525 est,
1964 443 2241 511 seclusa
2273 445 2499 531 gravi

435 535 878 614 necessitate,
928 556 1013 600 ea
1060 555 1200 602 non
1251 534 1624 601 benedicta
1672 532 2034 612 adhibere,
2066 554 2231 620 quae
2264 534 2494 600 etiam

437 624 761 691 omittere
796 622 983 691 letali
1019 645 1160 690 non
1195 633 1390 690 caret
1421 622 1534 708 (cf.
1570 645 1636 690 n.
1667 626 1822 711 39);
1857 642 2064 689 secus
2097 633 2207 688 est
2237 621 2405 689 leve
2440 622 2504 690 ²,
2606 633 2615 641 '

431 711 792 792 Attamen,
843 713 1006 779 data
1053 713 1260 799 gravi
1309 733 1545 793 causa,
1592 710 1977 779 consultius
2038 722 2148 778 est
2192 711 2292 776 uti
2340 733 2493 778 non

434 801 848 883 benedictis,
895 824 1110 890 quam
1161 800 1370 867 nullis
1416 801 1538 881 uti,
1590 823 1679 868 ne
1728 800 1817 866 sit
1864 798 2292 867 scandalum.

565 889 843 978 Cuique
891 891 1102 958 etiam
1149 889 1314 957 licet
1360 911 1564 958 sacra
1634 889 2042 957 indumenta
2110 890 2493 976 hucusque

432 979 782 1047 recensita
829 992 1148 1066 tangere,
1201 980 1354 1045 sine
1404 979 1691 1065 speciali
1739 978 2041 1044 licentia.
2086 976 2361 1044 Verum
2400 1001 2488 1046 ea

429 1067 742 1136 alienare
789 1069 991 1136 nefas
1038 1079 1166 1148 est,
1219 1068 1354 1134 nisi
1404 1089 1491 1135 ex
1530 1068 1721 1155 justa
1769 1089 1982 1134 causa
2033 1078 2103 1134 et
2172 1068 2262 1134 ad
2312 1088 2501 1136 usus

430 1179 674 1224 sacros
698 1180 715 1238 ς
766 1169 836 1224 et
882 1179 1046 1246 quae
1095 1158 1334 1244 inepta
1381 1157 1695 1224 evadunt
1742 1178 1884 1224 non
1947 1167 2113 1223 sunt
2182 1178 2498 1223 conver—

430 1245 644 1313 tenda
691 1248 764 1314 in
813 1269 984 1314 usus
1032 1246 1392 1334 profanOS,
1444 1247 1571 1313 sed
1617 1247 1898 1333 penitus
1954 1246 2386 1313 destruenda
2431 1247 2491 1314 ⁸.

1229 1547 1503 1619 CAPUT
1566 1550 1670 1621 IV.

436 1737 571 1818 De
600 1737 929 1832 Calice,
950 1738 1326 1832 Patena,
1360 1739 1859 1841 horumque
1891 1743 2487 1823 accessoriis.

551 1974 661 2040 43.
711 1951 900 2021 Usus
935 1952 1218 2034 CaliciS,
1255 1954 1345 2020 ad
1380 1955 1526 2021 vini
1576 1956 1854 2041 species
1910 1939 2377 2026 continendas
2410 1961 2485 2026 in

419 2062 649 2129 eoque
712 2041 1257 2123 consecrandaS‚
1331 2054 1575 2130 aperte
1646 2047 2152 2131 comprobatur
2222 2047 2497 2134 vigens

413 2130 560 2217 jam
607 2133 696 2199 ab
743 2142 956 2199 aetate
1004 2130 1273 2201 Christi
1319 2131 1632 2213 Domini,
1687 2135 1812 2221 qui
1846 2136 1915 2202 in
1952 2135 2197 2202 ultima
2228 2136 2484 2221 Coena,

417 2220 563 2286 suis
623 2243 786 2286 curn
855 2220 1214 2308 discipulis
1272 2222 1531 2303 habita,
1599 2252 1630 2283 ιι
1706 2224 2064 2311 accipiens
2134 2223 2477 2310 Calicem,

418 2310 686 2394 gratias
735 2309 912 2395 egit:
962 2320 1034 2376 et
1079 2309 1275 2377 dedit
1320 2310 1479 2392 illiS,
1529 2312 1811 2379 dicens:
1875 2312 2109 2381 Bibite
2180 2336 2271 2381 ex
2346 2318 2495 2385 hoc·

418 2419 666 2465 omnes
703 2398 747 2466 ⁴.
789 2426 820 2458 n
872 2397 1171 2466 Constat
1217 2408 1450 2466 autem
1500 2399 1779 2469 Calices
1834 2402 2103 2470 vitreos
2149 2406 2238 2471 ab
2288 2406 2491 2473 initio

457 2622 464 2627 '
513 2612 568 2681 1)
603 2610 695 2667 ct.
731 2615 834 2668 Al.
874 2615 950 2667 A.
990 2614 1222 2685 Carpo.
1265 2612 1462 2683 Comp.
1498 2612 2039 2687 Biblioth..Liturg.
2075 2616 2145 2673 P.
2181 2614 2233 2671 I.
2272 2634 2331 2672 n.
2357 2620 2507 2688 246.

519 2684 578 2753 2)
613 2681 705 2738 Cf.
740 2686 1161 2740 D’Annibale.
1198 2681 1511 2739 Summula
1556 2684 1610 2739 T
1607 2684 1661 2739 h.
1694 2686 1849 2740 Mor.
1889 2686 1957 2741 P.
1995 2685 2121 2743 III.
2158 2705 2215 2742 n.
2251 2703 2385 2757 401.

459 2800 468 2806 .
507 2758 566 2823 3)
603 2752 778 2809 Circa
834 2752 1076 2808 modurn
1136 2753 1464 2809 mundandi
1523 2771 1558 2808 a
1612 2756 1894 2811 sordibus
1951 2765 2014 2811 et
2072 2762 2486 2817 conservandi

405 2838 582 2878 sacra
617 2824 987 2892 indumenta,
1026 2824 1102 2880 cf.
1137 2828 1517 2895 Fumagalli.
1550 2827 1826 2882 Manuale
1860 2834 1959 2883 etc.
1990 2828 2061 2885 L.
2097 2828 2183 2885 II.
2219 2848 2274 2885 v.
2298 2830 2491 2887 Para-

402 2901 617 2963 menta,
653 2913 710 2951 n.
748 2913 843 2965 14.
898 2926 923 2937 -
958 2899 1164 2953 Mach.
1212 2895 1266 2950 T
1263 2913 1427 2950 esoro
1482 2898 1577 2952 del
1626 2897 1931 2954 Sacerdote
2002 2900 2103 2957 Tr.
2139 2901 2215 2955 X.
2272 2919 2321 2957 c.
2379 2904 2435 2959 I.
2472 2934 2501 2947 -

405 2966 632 3024 Sanna
670 2969 928 3025 Solaro.
956 2966 1254 3037 Aequisto,
1293 2972 1758 3038 conservazione,
1800 2973 2057 3025 ristauro
2094 2972 2249 3043 degli
2272 2974 2499 3031 Arredi

401 3034 595 3091 Sacri.
621 3036 738 3105 Qui
764 3038 816 3092 si
844 3037 1250 3104 consulantur,
1291 3037 1465 3093 facile
1500 3040 1725 3095 vitatur
1750 3042 2082 3110 periculum
2120 3043 2498 3114 indumenta,

400 3122 569 3177 saepe
596 3109 881 3179 pretiosa,
901 3108 1307 3165 deteriorandi
1334 3110 1438 3164 vel
1464 3110 1788 3180 majoribus
1808 3114 2147 3184 sumptibus
2166 3115 2500 3174 reficiendi.

507 3181 566 3261 4)
605 3179 812 3235 Matth.
865 3180 967 3237 VI.
1010 3196 1148 3306 23)-
1200 3179 1289 3235 Cf.
1327 3182 1385 3235 E
1421 3222 1434 3235 .
1473 3180 1523 3237 I.
1582 3183 1665 3237 ad
1720 3182 1974 3241 Corinth.
2029 3186 2106 3241 Χ.
2160 3188 2256 3243 16.
2332 3188 2496 3244 Hinc

399 3248 447 3303 F
451 3266 576 3304 ena
611 3250 684 3306 V.
721 3252 787 3306 in
825 3250 1012 3307 Coena
1115 3252 1315 3319 omini,
1398 3252 1516 3307 icta
1541 3254 1653 3309 fuit
1682 3271 1718 3309 a
1740 3256 2049 3311 veteribus
2075 3256 2183 3314 SS.
2209 3258 2499 3316 Patribus

411 3320 960 3448 aLthtalisHClalicis
1000 3346 1050 3379 η.
1094 3323 1181 3379 Cf.
1220 3327 1619 3383 Benedictus
1656 3329 1829 3383 XIV.
1869 3326 1960 3383 De
1984 3327 2047 3385 S.
2070 3328 2238 3385 Miss,
2263 3330 2500 3405 Sacris.

475 3434 488 3447 .
561 3434 574 3448 .
613 3410 661 3450 c.
797 3435 810 3449 .
853 3412 909 3449 n.
929 3410 994 3463 3.
