2713 4137
819 716 1530 815 ΡΒΑΞΡΑΤΙΟ

175 1139 184 1148 ·
269 1127 452 1198 Cum
499 1129 898 1198 tractatione
935 1129 1019 1197 de
1048 1129 1504 1198 Sacrosancto
1536 1127 1786 1197 Missae
1832 1128 2194 1220 Sacrificio

142 1244 320 1302 arcte
350 1234 774 1303 connectitur
800 1236 1117 1305 tractatio
1148 1236 1246 1304 de.
1260 1235 1517 1305 Divino
1572 1235 1858 1328 Officia-
1906 1247 2193 1326 utroque

137 1342 309 1408 enim
374 1351 556 1410 tam·
584 1351 834 1411 sancto·
876 1365 1159 1411 munere
1202 1341 1453 1422 Deum>
1510 1343 1825 1430 Ejusque
1869 1345 2193 1426 mysteria

142 1457 340 1535 atque
395 1447 461 1517 C
457 1447 665 1518 oelites
711 1473 756 1518 a
801 1449 954 1517 suis
1001 1449 1360 1518 Ministris
1390 1449 1687 1536 quotidie
1715 1449 1848 1520 coli
1886 1449 2191 1522 Ecclesia

142 1554 372 1625 voluit.
422 1555 754 1642 Aequum
801 1557 1027 1648 igitur
1067 1564 1236 1639 erat,
1283 1564 1379 1634 ut,
1426 1556 1606 1625 edita
1640 1557 1808 1648 jam
1869 1557 2189 1646 Liturgia

142 1661 424 1745 Missae‚‘
478 1663 668 1749 quod
721 1663 986 1732 duobus
1044 1663 1286 1732 abhinc
1347 1664 1552 1734 annis
1603 1665 1928 1754 praestt‘ti3
1989 1665 2195 1733 etiam

145 1790 298 1854 quoe-
329 1769 676 1838 Divinum
729 1771 1056 1862 Officium
1095 1775 1402 1860 spectant
1442 1771 1927 1840 conscriberem
1974 1780 2041 1839 et
2072 1780 2195 1860 pu-

146 1874 297 1944 blici
332 1878 548 1968 juris
589 1877 932 1966 facerem.
1005 1878 1159 1945 Hoc
1221 1877 1517 1963 quidem,
1568 1877 1741 1946 -Deov
1798 1878 2194 1970 adjuvante,

139 1981 505 2052 absolvere*
539 1983 716 2051 mihi
753 1983 991 2051 datum
1033 1993 1152 2066 est,
1174 1985 1514 2074 praesenti
1535 1995 1751 2075 opere,
1783 1985 1898 2052 cui
1921 1984 2193 2056 titulum

147 2092 472 2181 conferjo:
517 2090 838 2179 Liturgia
887 2091 1126 2161 Divini
1176 2092 1437 2177 Officii.
1506 2160 1511 2163 .

273 2201 520 2287 Quum
579 2221 741 2268 vero
799 2221 940 2267 non
999 2197 1213 2266 doctis
1265 2208 1331 2270 et
1361 2200 1613 2289 peritis
1653 2200 1982 2270 scientiae:
2000 2199 2193 2269 litur-.

146 2307 318 2393 gicae
365 2305 787 2394 scripserim,
833 2304 962 2373 sed
987 2305 1222 2394 potius
1273 2305 1332 2375 C
1329 2305 1574 2390 leri'cis,
1621 2308 1751 2393 qui
1781 2308 2013 2397 primo
2065 2308 2192 2375 hac

147 2412 500 2502 disciplina
544 2398 1028 2490 instituuntur,
1083 2412 1185 2481 nil
1233 2406 1515 2481 mi'rnm3
1544 2400 1766 2499 m'ult'a,
1792 2414 2202 2483 desiderari

151 2518 227 2584 ab
270 2522 365 2587 iis
415 2519 544 2606 qui
582 2520 758 2587 hanc
804 2541 948 2587 rem
977 2520 1221 2607 optime
1251 2518 1512 2589 callent.
1548 2507 1711 2601 *Sed
1733 2514 1865 2588 illa
1887 2522 2189 2590 omittere

152 2626 246 2691 vel
305 2622 580 2695 'tantum
652 2627 1013 2717 attingere,
1082 2626 1183 2694 ad
1222 2621 1625 2715 faciliorem
1693 2622 2187 2710 elementorum,

161 2750 300 2813 quoe
359 2732 436 2798 in
493 2732 743 2799 scholis
803 2732 1196 2824 traduntur,
1243 2734 1759 2820 acquisitionem
1807 2734 2191 2824 plurimum

158 2838 480 2927 conferre,
539 2833 956 2927 experientia
1011 2840 1310 2929 comperi
1320 2867 1356 2919 ,·
1408 2841 1826 2930 sperandum
1872 2842 2050 2909 enim
2094 2849 2196 2909 est

160 2941 401 3012 tirones
452 2944 686 3011 serius
748 2943 1088 3012 universae
1140 2944 1483 3037 liturgicoe
1541 2946 1915 3035 disciplinae
1965 2946 2195 3015 studio

161 3061 434 3120 mentem
482 3074 689 3119 suam
738 3074 886 3120 esse
929 3051 1347 3122 addicturoS.

283 3158 539 3250 Magis
587 3159 732 3248 sui
784 3157 1120 3227 sollicitus
1181 3158 1252 3226 in
1312 3159 1551 3228 ordine
1611 3160 1924 3228 materia
1980 3161 2211 3249 impri-

169 3265 412 3348 mend0,
485 3266 613 3351 qui
666 3287 900 3333 rerum
961 3264 1269 3334 claritati
1321 3274 1389 3334 et
1433 3268 1853 3357 perceptioni
1914 3266 2207 3335 multum

160 3372 429 3454 prodest
443 3398 479 3451 ,·
525 3394 778 3443 necnon
823 3374 898 3440 in
942 3372 1377 3461 conserendis
1409 3383 1555 3442 tum
1588 3374 1991 3463 reformatis
2036 3374 2205 3442 Bre-
