2713 4137
1205 461 1661 543 TITULUS
1718 461 1816 538 V.

629 633 758 700 DE
807 625 1379 697 MULTIPLICI
1448 626 1989 694 MISSARUM
2036 626 2395 696 SPECIE

1319 968 1597 1040 CAPUT
1663 971 1709 1041 1.

735 1109 867 1189 De
922 1106 1217 1189 Missa
1272 1103 1665 1188 solemni
1719 1109 1811 1184 et
1866 1106 2267 1188 cantata.

596 1452 706 1538 85.
733 1449 828 1518 Ut
853 1450 1000 1536 jam
1027 1448 1655 1516 animadvertimus
1676 1451 1769 1527 (n.
1804 1452 1928 1535 19),
1954 1448 2173 1519 Missa
2198 1446 2556 1516 solemnis

487 1563 572 1607 ea
605 1540 858 1606 dicitur
889 1561 1050 1627 quae
1087 1561 1245 1604 cum
1277 1539 1500 1605 sacris
1530 1537 1895 1618 Ministris,
1929 1547 2138 1605 cantu
2171 1547 2555 1624 etmagno

421 1692 430 1698 .
490 1631 747 1695 rituum
795 1642 1134 1716 apparatu
1183 1627 1603 1696 celebratur.

504 1796 509 1802 ‚
619 1717 923 1785 Ministri
969 1730 1133 1784 sunt
1177 1716 1541 1783 Diaconus
1604 1725 1674 1782 et
1741 1714 2261 1795 subdiaconus,
2310 1714 2555 1784 induti

489 1808 884 1894 respective
949 1807 1320 1874 dalmatica
1368 1817 1439 1872 et
1494 1805 1839 1884 tunicella,
1901 1827 2078 1893 quas
2136 1815 2379 1874 vestes
2431 1825 2555 1871 se-

399 1901 411 1912 ·
488 1897 672 1963 ricas
718 1909 789 1962 et
834 1918 922 1962 ex
969 1896 1433 1983 congruentia
1481 1894 1909 1974 benedictas,
1944 1894 2149 1961 decet
2179 1915 2341 1962 esse
2373 1915 2557 1962 con-

485 1985 752 2052 formes
828 1985 1131 2074 planetae
1208 1983 1657 2052 Celebrantis
1738 1985 1781 2052 ¹.
1861 1983 2223 2071 Tempore
2301 1993 2551 2052 autem

487 2076 863 2141 Adventus
910 2087 980 2142 et
1029 2074 1619 2161 Quadragesimae
1666 2085 1736 2141 et
1783 2074 2032 2143 diebus
2076 2074 2553 2163 jejuniorum,

488 2165 556 2230 in
606 2163 823 2243 Missa
883 2165 970 2231 de
1041 2164 1414 2231 Dominica
1461 2163 1574 2229 vel
1630 2164 1720 2230 de
1780 2162 1976 2246 feria,
2026 2186 2190 2251 quae
2260 2162 2555 2231 canitur

487 2254 558 2320 in
603 2252 938 2320 Ecclesiis
986 2253 1391 2340 majoribUS,
1440 2252 1833 2320 dalmaticae
1882 2266 1952 2321 et
1995 2252 2348 2326 tunicellae
2382 2252 2555 2317 sub-

490 2344 871 2409 stituuntur
939 2342 1239 2431 planetae
1309 2342 1605 2430 plicatae,
1672 2364 1849 2429 quas
1920 2354 2181 2416 exuunt
2240 2341 2557 2415 subdia-

490 2453 712 2500 conus
745 2433 1030 2521 quidem
1063 2433 1228 2498 dum
1263 2442 1499 2499 cantat
1529 2431 1935 2519 Epistolam,
1969 2432 2331 2502 Diaconus
2362 2451 2557 2495 vero

489 2523 578 2588 ab
633 2521 1023 2607 Evangelio
1093 2542 1318 2609 usque
1390 2522 1477 2587 ad
1551 2523 2024 2608 sumptionem
2095 2520 2357 2595 Calicis
2438 2521 2557 2586 in-

493 2611 760 2678 clusive.
810 2610 854 2691 ²,
904 2632 1044 2697 quo
1093 2610 1301 2676 etiam
1351 2620 1671 2698 tempore
1720 2612 1833 2677 hic
1880 2611 2129 2677 stolam
2175 2610 2401 2679 induit
2455 2608 2555 2676 la-

491 2702 763 2779 tiorem,
816 2699 1039 2765 nullas
1087 2698 1466 2765 habentem
1516 2721 1765 2766 cruces
1811 2701 2111 2767 intextas
2162 2698 2203 2767 ⁸.

592 2861 642 2928 1)
682 2860 743 2914 S.
783 2861 854 2914 R.
893 2860 958 2916 C.
991 2877 1060 2929 31
1102 2860 1242 2929 Maji
1286 2862 1445 2930 1817.
1483 2880 1540 2917 n.
1575 2864 1737 2933 2578,
1776 2866 1852 2919 ad
1891 2865 1992 2921 IV.

584 2934 640 2999 2)
680 2932 845 2987 Miss.
905 2931 1076 2988 Rom.
1131 2932 1313 2987 Rubr.
1374 2932 1577 2989 Gener.
1642 2934 1751 2989 Tit.
1812 2936 1997 3005 XIX„
2055 2956 2113 2992 n.
2170 2937 2229 2995 6.
2284 2936 2405 2993 Sed
2488 2940 2563 2995 in

481 3002 765 3058 Ecclesiis
804 3004 1131 3058 minoribus
1186 3002 1320 3057 alba
1358 3012 1589 3059 tantum
1627 3008 1827 3061 amicti
1863 3008 2221 3079 ministrant,
2248 3026 2380 3072 cum
2428 3030 2560 3067 ma-

483 3073 684 3142 nipulo
724 3081 784 3127 et
820 3074 1123 3128 Diaconus
1159 3074 1338 3129 etiam
1380 3094 1513 3131 cum
1551 3078 1723 3133 stola.
1761 3078 1981 3135 Ibidem
2020 3098 2076 3135 n.
2122 3097 2177 3155 7.
2229 3081 2333 3137 Ad
2383 3080 2561 3138 hunc

481 3152 682 3227 tamen
719 3144 996 3200 effectum
1035 3162 1142 3216 pro
1181 3145 1466 3203 Ecclesiis
1502 3150 1825 3219 majoribus
1866 3152 2111 3206 veniunt
2148 3152 2333 3214 etiam
2368 3152 2563 3208 Paro·

481 3216 722 3271 chiales.
760 3216 820 3273 S.
857 3217 929 3273 R.
967 3216 1032 3273 C.
1066 3236 1137 3287 23
1163 3218 1312 3287 Apr.
1341 3222 1496 3290 1875,
1525 3240 1581 3276 n.
1612 3239 1777 3293 3352,
1806 3224 1882 3277 ad
1907 3222 2035 3279 VII.
2064 3224 2239 3292 Quod
2281 3224 2562 3295 planetae

479 3290 542 3341 in
579 3295 750 3359 parte
788 3290 1073 3344 anteriori
1130 3290 1456 3347 decurtatae
1511 3310 1620 3363 pro
1674 3294 1909 3363 plicatis
1966 3296 2379 3365 adhibeantur,
2438 3313 2559 3351 ceu

479 3359 695 3413 alicubi
734 3376 865 3414 mos
903 3367 1015 3429 est,
1054 3361 1487 3432 prohibendum
1528 3380 1650 3417 non
1685 3366 1943 3423 videtur.

586 3437 642 3503 3)
680 3432 741 3487 S.
780 3433 853 3488 R.
891 3432 956 3487 C.
989 3449 1061 3503 25
1099 3432 1262 3502 Sept.
1303 3436 1457 3505 1852,
1499 3454 1556 3492 n.
1590 3438 1749 3506 3006,
1789 3438 1865 3491 ad
1901 3438 2031 3494 VII.
