2713 4137
485 250 612 296 110
747 250 836 297 DE
884 250 1266 297 NONNULLIS
1313 250 1597 297 OFFICIIS
1645 249 2252 297 PARTICULARIBUS

616 371 699 437 V.
750 370 1094 455 Quamvis
1143 371 1277 437 fixa
1323 392 1486 437 esse
1534 372 1787 437 debeat
1836 370 1949 437 illa
1981 370 2135 436 dies
2166 370 2537 436 Anniver-

480 463 664 528 saria
735 460 1210 527 Dedicationis
1258 459 1619 537 Ecclesiae,
1690 481 1853 548 quae
1926 459 2101 525 infra
2172 481 2435 525 annum
2486 482 2533 525 a

482 550 1035 618 Consecratione
1085 550 1431 628 recurrit;
1482 549 1933 616 nihilominus
1996 546 2349 633 Episcopo
2399 546 2531 615 Ec-

478 640 762 705 clesiam
812 640 1248 705 consecranti
1310 638 1431 724 jus
1503 638 1873 717 inhaerere,
1937 636 2136 723 juxta
2213 636 2532 703 Decreta

481 728 651 794 alias
699 727 906 806 edita,
956 726 1159 793 aliam
1193 728 1379 793 diem
1413 728 1621 794 fixam
1656 725 1768 793 vel
1801 727 2009 792 etiam
2052 725 2528 806 Dominicam,

481 816 864 883 dummodo
889 817 956 881 in
985 814 1560 883 Consecrationis
1594 826 1773 895 actu,
1806 814 2148 901 seligendi
2175 835 2305 901 pro
2338 813 2531 880 illius

479 906 994 971 Anniversario
1042 906 1419 991 quotannis
1469 904 1847 971 solemnius
1896 902 2314 969 celebrando
2340 926 2357 983 ;
2411 926 2533 969 ex-

485 995 705 1081 ceptis
753 992 1167 1080 Duplicibus
1215 992 1263 1060 1.
1313 1005 1431 1059 aut
1476 992 1557 1060 II.
1606 994 1850 1059 classis
1916 991 2335 1058 universalis
2389 990 2531 1058 Ec-

483 1083 737 1163 clesiae,
789 1104 1061 1149 necnon
1135 1082 1696 1169 quibuscumque
1768 1080 2156 1148 Dominicis
2236 1081 2527 1166 privile-

481 1172 710 1257 giatis,
760 1184 830 1236 et
877 1170 1291 1257 Duplicibus
1354 1170 1405 1240 I.
1470 1171 1717 1237 classis
1779 1169 2251 1237 Ecclesiarum
2316 1171 2531 1256 parti-

487 1260 825 1326 cularium
878 1261 895 1292 ¹
955 1288 1009 1327 »,

613 1347 702 1413 Et
749 1349 818 1413 in
870 1348 1005 1415 alio
1058 1346 1363 1414 Decreto
1436 1349 1587 1415 haec
1636 1359 2075 1416 statuuntur:

624 1465 654 1495 a
709 1435 821 1503 III.
856 1437 1446 1504 Anniversarium
1479 1460 1653 1504 vero
1678 1436 2156 1504 Dedicationis
2181 1435 2532 1502 Ecclesiae

489 1526 742 1591 eodem
792 1527 923 1592 sub
973 1527 1107 1592 ritu
1154 1524 1456 1612 (Duplici
1505 1526 1555 1593 Ι.
1604 1526 1871 1612 classis)
1914 1527 2003 1593 ab
2064 1526 2256 1591 omni
2306 1522 2533 1591 Clero

461 1614 860 1695 recolatur,
909 1615 1026 1701 qui
1077 1615 1166 1680 ad
1199 1616 1519 1681 eamdem
1567 1614 2041 1681 Ecclesiam...
2090 1624 2331 1701 utpote
2366 1633 2531 1698 pro-

485 1704 707 1789 priam
760 1705 1083 1789 pertinet.
1134 1701 1347 1786 Quod
1396 1704 1455 1770 si
1503 1704 1705 1771 alicui
1754 1702 2085 1783 Dioecesi,
2147 1702 2264 1769 vel
2326 1699 2531 1768 Insti-

485 1803 636 1859 tuto
715 1814 1130 1859 concessum
1211 1793 1302 1858 sit
1374 1793 1960 1860 Anniversarium
2039 1790 2531 1858 Dedicationis

484 1881 796 1947 omnium
843 1880 1314 1947 Ecclesiarum
1373 1904 1515 1948 uno
1562 1881 1956 1966 eodemque
1989 1881 2101 1948 die
2135 1880 2529 1959 celebrare,

482 1991 732 2036 omnes
780 1981 850 2035 et
901 1969 1155 2054 singuli
1207 1970 1296 2035 de
1348 1970 1645 2037 relativo
1692 1969 1930 2050 Clero‚
1994 1970 2249 2057 quibus
2296 1965 2527 2033 indul—

484 2068 632 2125 tum
681 2058 890 2138 favet,
940 2058 1201 2126 dictum
1252 2058 1510 2126 festum
1584 2058 1800 2126 semel
1873 2057 2324 2127 celebrabunt
2386 2056 2529 2124 sub

484 2149 616 2213 ritu
667 2147 946 2234 Duplici
994 2147 1044 2214 Ι.
1102 2149 1368 2228 classiS,
1418 2170 1576 2214 cum
1642 2160 1914 2228 octava,
1988 2150 2139 2214 sive
2204 2144 2529 2214 Ecclesia

484 2238 766 2322 propria
815 2248 1247 2316 consecrata,
1299 2237 1448 2303 sive
1519 2237 1882 2304 benedicta
1950 2247 2218 2303 tantum
2288 2232 2526 2314 fuerit,

481 2324 986 2413 cujuscumque
1020 2325 1456 2410 particularis
1504 2326 1789 2393 alterius
1835 2325 2173 2393 Ecclesiae
2221 2322 2533 2390 Dedica-

481 2413 688 2479 tionis
732 2413 914 2480 festo
963 2415 1246 2480 omisso.

616 2501 733 2570 IV.
782 2503 900 2570 Ad
946 2502 1537 2570 Anniversarium
1572 2514 1803 2570 autem
1837 2502 2029 2590 quod
2064 2511 2333 2588 spectat
2378 2497 2524 2566 De-

481 2589 853 2657 dicationis
901 2589 1347 2659 Cathedralis
1394 2591 1757 2671 Ecclesiae,
1805 2591 1883 2660 S.
1929 2590 2018 2658 R.
2066 2589 2148 2658 C.
2174 2590 2397 2676 jubet,
2450 2600 2531 2655 ut.

385 2686 388 2690 ’
451 2678 650 2746 >illud
698 2680 1094 2747 celebretur
1139 2681 1228 2746 ab
1281 2682 1616 2748 universo
1676 2681 1887 2749 Clero
1953 2679 2273 2746 saeculari
2337 2675 2530 2744 Dioe-

481 2768 665 2834 cesis
714 2769 845 2835 sub
893 2769 1028 2834 ritu
1075 2767 1354 2855 Duplici
1404 2769 1455 2836 Ι.
1504 2770 1767 2849 (3135515,
1802 2771 1871 2835 in
1907 2767 2210 2837 Civitate
2244 2767 2525 2853 episco-

481 2856 618 2941 pali
667 2878 826 2922 cum
875 2868 1143 2937 octava,
1194 2870 1393 2924 extra
1443 2879 1615 2926 vero
1665 2859 1814 2925 sine
1861 2870 2131 2924 octava.
2178 2855 2373 2922 Idem
2430 2855 2525 2922 fe·

481 2955 663 3011 stum
712 2945 1026 3012 recolent
1073 2947 1120 3012 ii
1167 2957 1435 3012 tantum
1484 2969 1574 3014 ex
1621 2946 1834 3015 Clero
1883 2945 2217 3032 regulari,
2272 2945 2396 3032 qui
2454 2947 2525 3010 in

401 3061 406 3066 ⁸
454 3032 786 3133 ‘Civitate
811 3035 1507 3154 deguntsepiscopali,
1524 3038 1655 3104 sub
1680 3037 1815 3103 ritu
1839 3034 2118 3123 Duplici
2142 3033 2223 3101 ΙΙ.
2254 3034 2527 3112 classiS,

484 3142 637 3190 sine
684 3134 936 3190 octava
991 3151 1020 3182 n
1105 3177 1119 3191 .

583 3337 634 3403 1)
673 3333 735 3390 S.
775 3334 849 3391 R.
887 3333 951 3391 C.
989 3333 1228 3393 Decret.
1265 3335 1487 3393 Gener.
1522 3354 1559 3407 4
1596 3335 1641 3390 F
1646 3317 1769 3392 ebr.
1809 3336 1966 3406 1896,
2005 3354 2063 3392 11.
2098 3336 2261 3407 3881.

577 3408 636 3476 2)
672 3405 733 3462 S.
771 3406 845 3462 R.
883 3405 947 3462 C.
984 3407 1221 3463 Decret.
1258 3407 1479 3465 Gener.
1513 3425 1550 3478 9
1578 3407 1720 3478 Julii
1760 3407 1916 3479 1895,
1956 3425 2013 3463 n.
2050 3407 2211 3478 3863.
