2713 4137
393 201 485 247 DE
530 201 923 252 NONNULLIS
968 202 1064 249 OF
1065 203 1106 248 F
1109 202 1265 251 Icus
1309 202 1931 253 PARTICULARIBUS
2076 206 2203 275 123

133 324 627 407 concedimuS,
654 335 820 413 post
847 323 1148 414 primam
1174 324 1282 393 sui
1307 324 1840 409 institutionem,
1857 322 2195 396 Officium

134 414 327 495 illud,
380 434 522 481 non
569 435 780 482 secus
829 434 910 481 ac
959 423 1218 497 cetera,
1265 415 1777 483 mutationibus
1810 416 2193 485 obnoxium

135 503 380 583 fuisse,
409 502 663 585 donec,
692 502 1104 571 auctoribus
1129 502 1208 573 S.
1231 500 1363 571 Pio
1387 502 1475 571 V.
1504 514 1579 572 et
1600 503 1973 575 Clemente
1995 503 2197 589 VIII.,

137 592 224 659 ad
275 590 704 659 hodiernam
753 591 1057 659 formam
1104 590 1236 659 fuit
1283 592 1675 661 redactum.

270 680 425 766 164.
478 678 810 749 Officium
859 678 1379 748 Defunctorum
1413 692 1688 769 prostat
1734 682 1804 750 in
1839 678 1959 749 lv.
1991 692 2193 770 parte

135 768 509 849 Breviarii,
559 768 859 858 ejusque
928 766 1250 837 ultimum
1320 769 1558 838 locum
1627 780 1867 851 tenet;
1919 780 2194 838 constat

138 870 374 926 autem
425 856 789 946 Vesperis,
839 856 1189 925 Matutino
1237 868 1311 926 et
1341 887 1348 893 ·
1376 857 1759 940 LaudibuS,
1824 858 2011 927 unde
2061 878 2191 927 nec

139 946 722 1035 Completorium,
769 968 903 1015 nec
950 946 1261 1015 minores
1311 946 1548 1016 Horas
1597 948 1832 1017 habet.
1888 946 2196 1035 insuper

141 1048 336 1105 caret
407 1035 728 1123 capitulis
806 1047 876 1103 et
955 1035 1272 1123 hymnis,
1352 1058 1586 1125 neque
1659 1035 2193 1105 benedictiones

142 1125 670 1213 praemittuntur
745 1123 1164 1192 lectionibus
1242 1124 1457 1193 trium
1537 1136 2048 1193 nocturnorum
2124 1124 2195 1192 in

140 1214 508 1281 Matutino.
561 1212 993 1301 Antiphonae
1050 1210 1516 1300 duplicantur,
1574 1213 1693 1283 vel
1753 1232 1917 1295 non,
1980 1225 2194 1299 prout

141 1302 476 1371 Officium
525 1303 658 1370 sub
707 1302 845 1369 ritu
891 1299 1194 1399 Duplici,
1245 1300 1364 1369 vel
1409 1301 1874 1390 Semiduplici
1936 1303 2189 1371 recita-

141 1403 272 1460 tur.
325 1390 634 1476 Quando
681 1412 898 1458 unum
967 1389 1228 1457 dicitur
1287 1400 1733 1473 nocturnum,
1796 1390 2191 1479 designatae

147 1493 309 1548 sunt
356 1481 559 1548 feriae
609 1478 1106 1560 hebdomadae,
1157 1479 1416 1567 quibus
1456 1479 2009 1569 unumquodque
2058 1480 2195 1549 dici

145 1571 380 1651 debet,
431 1590 708 1656 nempe,
755 1568 961 1636 feriae
1009 1565 1091 1635 ΙΙ.
1141 1580 1212 1635 et
1259 1566 1346 1636 V.
1395 1589 1526 1656 pro
1564 1570 1793 1657 primo
1826 1581 2193 1650 nocturno;

141 1659 343 1727 feriae
413 1656 528 1725 III.
592 1669 665 1725 et
724 1655 841 1725 VI.
904 1678 1034 1744 pro
1090 1657 1405 1724 secundo
1432 1677 1452 1738 ;
1498 1655 1678 1725 feria
1724 1656 1843 1725 IV.
1892 1667 1963 1725 et
2020 1654 2200 1727 Sab-

145 1750 386 1816 batum
443 1767 577 1833 pro
632 1746 863 1813 tertio,

281 1837 430 1925 165.
479 1836 707 1903 Porro
755 1835 869 1902 die
917 1832 999 1901 II.
1045 1832 1498 1916 Novembris,
1547 1833 1664 1903 vel
1696 1833 1830 1902 hac
1862 1832 2196 1922 impedita

141 1938 354 2014 prout
402 1924 871 1993 indicavimus
897 1945 994 1990 ·n.
1032 1924 1178 2012 138,
1215 1922 1330 1991 die
1364 1922 1781 2023 insequenti,
1830 1942 2004 2009 pera
2057 1924 2199 1991 itur

141 2016 208 2082 in
256 2013 579 2082 Ecclesia
627 2012 964 2082 universa
998 2012 1607 2084 Commemoratm
1640 2012 1952 2081 omnium
2056 2011 2197 2080 ide-

141 2103 313 2171 lium
363 2102 905 2184 Defunctorum,
953 2104 1345 2189 eademque
1396 2099 1533 2184 die,
1567 2112 1832 2188 praeter
1862 2098 2191 2168 Officium

140 2192 579 2262 occurrentis
604 2191 786 2274 festi,
814 2192 1252 2260 recitandum
1278 2211 1568 2279 quoque
1593 2200 1705 2258 est
1729 2191 1819 2258 ab
1845 2190 2191 2272 omnibuS,

188 2283 260 2348 ui
308 2280 554 2349 Horas
601 2280 980 2348 canonicas
1012 2279 1424 2368 persolvere
1457 2287 1807 2360 tenentur,
1838 2279 2196 2366 integrum

214 2370 481 2438 fficium
554 2368 1094 2451 Defunctorum,
1164 2390 1205 2435 a
1280 2366 1647 2455 VesperiS,
1724 2388 1887 2456 quae
1947 2367 2194 2454 pridie,

128 2459 336 2547 juxta
388 2479 681 2539 morem,
730 2457 870 2525 dici
919 2457 1200 2526 debent.
1754 2469 1759 2478 ·

275 2547 641 2628 Similiter,
690 2545 992 2634 singulis
1040 2545 1424 2624 mensibus,
1475 2544 1591 2613 die
1638 2565 1767 2632 per
1809 2543 2196 2614 Rubricam

138 2659 172 2704 s
223 2636 524 2705 ecialem
574 2635 1064 2716 determinata,
1135 2635 1205 2702 in
1278 2634 1501 2702 choro
1574 2643 1865 2713 tantum,
1931 2646 2193 2720 praeter

210 2725 481 2795 fficium
530 2723 694 2806 diei,
743 2734 852 2791 est
923 2724 1364 2792 recitandum
1427 2720 1769 2791 Officium
1815 2720 2197 2791 Defuncto-

135 2839 320 2897 rum,
372 2826 483 2882 ast
526 2835 689 2881 cum
736 2834 881 2880 uno
929 2826 1279 2880 nocturno
1333 2809 1724 2879 dumtaxat.

273 2903 601 2990 Insuper,
634 2903 705 2970 in
741 2901 858 2970 die
892 2902 1126 2970 obitus
1160 2923 1287 2968 seu
1319 2899 1789 2987 depositionis
1822 2899 2197 2969 cadaveris

136 2993 658 3081 cujuscumque
682 2990 930 3073 fidelis,
965 2991 1145 3058 sicut
1177 3000 1248 3058 et
1294 2988 1366 3056 in
1402 2987 1655 3056 diebus
1705 2989 2198 3077 quasi-obituS,

135 3083 372 3162 tertia,
423 3081 745 3169 septima,
793 3080 1160 3168 trigesima
1228 3089 1300 3145 et
1379 3077 1893 3160 anniversaria,
1965 3088 2203 3166 potest

139 3172 281 3240 dici
333 3171 694 3257 integrum
729 3166 1081 3250 Officium,
1115 3168 1230 3236 vel
1264 3176 1537 3234 tantum
1582 3165 2009 3236 Matutinum
2040 3188 2202 3234 cum

136 3259 531 3341 LaudibuS,
581 3281 742 3348 quae
801 3256 1317 3326 concluduntur
1365 3256 1687 3323 oratione
1722 3256 2201 3324 conveniente

136 3348 480 3439 personis
528 3369 658 3436 pro
707 3349 966 3437 quibus
1015 3345 1348 3414 Officium
1405 3344 1761 3414 recitatur.
