2713 4137
879 224 968 269 DE
1015 223 1228 271 MISSIS
1276 223 1557 271 VOTIVIS
2122 223 2247 269 101

346 343 566 411 Missa
608 345 766 421 ,haec
815 354 925 411 est
969 345 1209 411 votiva
1257 344 1594 411 solemnis
1642 355 1713 410 et
1776 340 2032 411 dicitur
2101 365 2262 409 cum

206 436 645 519 paramentis
694 433 952 500 coloris
999 434 1315 514 violacei,
1366 435 1517 500 sine
1570 432 1806 502 Gloria
1854 444 1944 510 et,
1995 433 2129 499 nisi
2177 435 2266 499 sit

203 523 367 591 dies
414 522 804 602 Dominica,
871 524 1026 597 sine,
1087 522 1303 591 Credo
1366 522 1477 607 (cf.
1534 545 1601 589 n.
1641 528 1809 610 109),
1859 545 2017 589 cum
2064 522 2267 587 unica

207 610 577 694 Oratione,
612 614 724 679 cui
749 612 1047 693 additur,
1075 613 1206 679 sub
1233 612 1482 678 eadem
1508 612 1983 693 conclusione,
2012 610 2267 679 Oratio

207 700 332 770 Ss,
381 701 848 771 Sacramenti.

346 791 618 858 Diebus
642 791 973 877 exceptiS,
997 790 1248 856 dicitur
1275 787 1494 856 Missa
1528 790 1618 856 de
1646 792 1955 856 currenti
1985 788 2262 870 Officio,

206 880 467 961 addita,
519 882 650 946 sub
699 880 903 945 unica
950 878 1423 958 conclusione,
1476 877 1821 945 Oratione
1871 878 2016 946 Pro
2063 878 2276 946 Pace.-

344 968 525 1035 Num
579 970 776 1048 hane,
826 968 1421 1055 quemadmodum
1472 978 1541 1033 et
1588 968 1794 1035 aliam
1836 966 2127 1033 Missam
2176 968 2263 1033 de

205 1056 329 1125 Ss.
375 1058 839 1126 Sacramento
887 1057 956 1121 in
1007 1057 1120 1123 die
1169 1058 1629 1143 expositionis
1677 1072 1747 1124 et
1794 1056 2264 1144 repositioniS,

207 1146 420 1214 liceat
467 1167 717 1213 canere
767 1146 1016 1212 diebus
1066 1167 1280 1231 supra
1328 1146 1673 1227 indicatis,
1738 1146 1858 1212 ubi
1921 1146 2267 1232 expositio

206 1234 331 1301 diu
400 1244 730 1320 noctuque
792 1256 934 1301 non
999 1235 1226 1315 durat,
1291 1236 1592 1321 quaestio
1658 1246 1787 1303 est.
1852 1233 2266 1303 Generatim

205 1336 477 1411 negant
521 1324 964 1410 Liturgistae;
1016 1334 1179 1390 sunt
1223 1325 1344 1410 qui
1394 1323 1759 1405 affirmant,
1819 1324 2265 1391 attendentes

204 1415 566 1501 praecipue
613 1414 702 1481 ad
751 1415 921 1479 satis
969 1434 1419 1479 communem
1453 1414 1523 1479 in
1558 1415 1794 1481 multis
1828 1413 2000 1480 locis
2034 1434 2262 1493 usum,

207 1504 512 1570 habendi
562 1514 916 1589 tamquam
965 1523 1209 1568 veram
1257 1503 1770 1587 expositionem
1821 1525 1949 1589 pro
2014 1502 2265 1568 adora-

204 1592 395 1659 tione
472 1590 604 1659 XL
672 1592 1028 1659 Horarum
1107 1613 1284 1671 eam,
1364 1612 1527 1678 quae
1600 1614 1729 1680 per
1798 1592 2037 1677 plures
2110 1591 2263 1657 dies

205 1682 601 1761 continuos,
650 1681 777 1747 sed
824 1690 1119 1765 excepta
1165 1690 1395 1759 nocte,
1445 1680 1521 1746 fit
1572 1680 1613 1747 ¹.

343 1768 454 1835 De
500 1770 741 1837 Missis
787 1770 1101 1856 privatiS,
1150 1790 1334 1856 quae,
1402 1768 1533 1835 hac
1582 1770 2013 1856 perdurante
2060 1789 2267 1855 expo-

207 1858 490 1938 sitione,
542 1860 898 1945 leguntur,
949 1858 1266 1924 dicemus
1312 1856 1520 1924 infra.

355 1967 500 2034 115.
529 1950 785 2016 Missa
817 1952 900 2015 in
932 1950 1490 2016 anniversario
1528 1950 1938 2015 electionis
1974 1952 2053 2015 et
2088 1966 2266 2015 con-

205 2040 688 2106 secrationis
735 2040 1128 2123 Episcopi.
1177 2034 1312 2102 Die
1363 2036 1849 2104 anniversaria
1920 2046 2064 2102 turn
2132 2034 2265 2101 ele-

207 2125 464 2192 ctionis
511 2127 580 2193 in
617 2124 1070 2194 Concistorio
1105 2125 1127 2156 ²
1163 2137 1495 2212 peractae,
1524 2136 1673 2191 tum
1707 2125 2265 2192 consecrationis

205 2213 538 2301 Episcopi
572 2216 856 2302 proprii,
892 2226 1126 2302 potest
1159 2225 1247 2292 et,
1283 2214 1666 2281 accedente
1700 2214 2032 2303 Episcopi
2062 2235 2259 2279 man-

203 2303 394 2384 dat0,
443 2305 656 2372 debet
702 2304 746 2383 ³,
797 2305 867 2371 in
941 2305 1109 2370 solis
1180 2302 1519 2370 Ecclesiis
1570 2302 2119 2370 Cathedralibus
2195 2314 2266 2369 et

204 2391 644 2478 Collegiatis,
694 2393 944 2460 diebus
994 2415 1132 2459 non
1195 2394 1529 2478 exceptis,
1578 2392 1946 2474 celebrari,
1996 2402 2264 2480 praeter

202 2479 792 2561 Conventualem,
826 2481 1046 2548 Missa
1092 2483 1331 2548 votiva
1367 2482 1723 2563 solemniS,
1772 2503 1937 2570 quae
1986 2492 2258 2569 prostat

203 2571 394 2726 integr
439 2573 716 2639 votivas
766 2571 1086 2637 diversas
1157 2571 1227 2636 in
1275 2582 1527 2658 quarta
1575 2582 1776 2658 parte
1810 2570 2122 2638 Missalis
2156 2570 2269 2655 (cf.

208 2681 280 2726 n.
373 2665 413 2740 ).

342 2748 844 2834 Excipiuntur:
915 2746 1090 2815 Dies
1159 2746 1515 2815 Dominici
1587 2760 1657 2814 et
1733 2749 2014 2828 festivi;
2078 2749 2263 2816 festa

209 2838 391 2906 ritus
436 2835 756 2925 Duplieis
804 2836 853 2904 Ι.
902 2848 972 2904 et
1017 2837 1098 2904 ΙΙ.
1171 2838 1423 2904 classis
1449 2861 1465 2918 ;
1516 2838 1667 2905 dies
1715 2838 1897 2904 infra
1948 2837 2264 2906 Octavas

311 3031 365 3097 1)
401 3029 492 3087 Cf.
531 3030 764 3103 Ephcm.
803 3031 1030 3102 Liturg.
1067 3047 1161 3086 an.
1203 3048 1359 3099 1901,
1398 3048 1532 3102 pag.
1571 3031 1679 3102 646
1717 3038 1778 3085 et
1820 3036 1999 3101 Pighi
2038 3033 2075 3088 l.
2115 3050 2163 3087 c.
2324 3066 2332 3072 —

310 3104 368 3168 2)
408 3101 470 3158 S.
507 3102 581 3156 R.
619 3101 683 3157 C.
725 3102 792 3156 16
829 3102 976 3172 Apr.
1017 3103 1172 3168 1886,
1212 3121 1270 3158 n.
1305 3104 1467 3170 3661,
1507 3102 1582 3157 ad
1609 3103 1709 3158 III.
1733 3103 1879 3157 Dies
1904 3103 2263 3158 Concistorii

197 3173 530 3233 attenditur
565 3173 706 3228 licet
745 3181 883 3227 ante
916 3173 1113 3244 ipsum
1139 3180 1201 3227 et
1228 3173 1414 3228 Bullae
1443 3173 1600 3229 datae
1627 3175 1846 3229 fuerint
1873 3185 1933 3228 et
1960 3175 2269 3244 possessio

200 3243 498 3300 Dioecesis
538 3252 785 3314 accepta
821 3245 915 3312 sit,
955 3252 1018 3299 ut
1042 3245 1104 3298 in
1129 3245 1277 3300 locis
1305 3247 1660 3300 Missionum
1686 3247 1992 3316 contingit.
2018 3246 2078 3301 S.
2103 3246 2175 3300 R.
2204 3245 2271 3300 C.

209 3332 282 3385 13
320 3317 464 3370 Dec.
505 3318 660 3386 1895,
702 3334 760 3372 n.
795 3317 954 3386 3876,
996 3317 1072 3371 ad
1109 3316 1267 3372 VIII.

321 3389 380 3458 3)
417 3387 478 3442 S.
517 3387 593 3443 R.
628 3387 692 3442 C.
735 3405 801 3457 14
840 3387 996 3458 Aug.
1027 3389 1193 3459 1858,
1234 3407 1291 3443 n.
1328 3389 1490 3459 3078,
1532 3388 1605 3443 ad
1645 3388 1690 3443 I.
