2713 4137
461 226 552 294 88
937 251 1028 297 DE
1075 250 1310 297 DIVlNO
1362 250 1635 297 OFFICIO
1682 251 1749 297 IN
1796 250 2033 297 SPECIE

467 368 834 453 Matutino,
885 372 1092 439 etiam
1139 373 1210 439 in
1268 371 1546 440 Officiis
1606 369 2049 451 Sanctorum,
2108 372 2241 438 sub
2302 371 2537 437 unica

468 460 853 527 recitantur
921 461 1353 549 antiphona;
1435 460 1767 528 Officium
1844 459 2355 547 Apostolorum
2444 470 2535 527 et

466 546 884 635 Martyrum,
932 551 1051 637 qui
1086 550 1444 617 Passionis
1482 548 1769 617 Domini
1802 560 2167 615 consortes
2200 547 2533 629 fuerunt,

467 637 821 722 peculiare
871 639 1210 721 habetur;
1247 640 1657 706 omittuntur
1688 638 2109 707 Sanctorum
2148 637 2534 723 suffragia,

468 726 526 791 si
575 736 843 793 tantum
893 729 1200 816 excipias
1248 726 1985 795 commemorationem
2033 725 2305 808 Crucis,
2352 747 2535 812 pro-

465 814 689 901 priam
727 816 934 903 hujus
966 818 1324 904 temporis,
1361 827 1437 883 ut
1467 817 1743 903 signum
1781 816 2114 903 triumphi
2148 826 2220 883 et
2251 814 2528 902 gloriae

467 919 801 989 appareat
846 905 1044 974 Crux
1075 906 1209 988 illa,
1245 928 1406 993 quae
1438 917 1643 971 antea
1676 905 2039 972 exstiterat
2085 906 2533 971 instrumen-

467 1002 611 1057 tum
659 996 944 1075 mortis;
997 996 1258 1083 hymni,
1293 996 1363 1061 in
1413 995 1665 1081 quovis
1714 993 1976 1062 Officio
2023 1015 2160 1060 non
2206 993 2526 1060 habente

468 1082 993 1151 conclusionem
1043 1086 1471 1172 hymnorum
1520 1086 1824 1171 propria,
1858 1082 2318 1151 absolvuntur
2346 1102 2529 1148 con-

467 1168 780 1239 clusione
851 1173 1061 1259 hujus
1109 1174 1447 1260 temporis
1518 1171 1664 1239 Deo
1712 1172 1923 1239 Patri
1985 1171 2082 1237 sit
2137 1169 2370 1259 gloria
2422 1210 2527 1219 —

465 1260 558 1324 Et
587 1260 658 1328 F
654 1259 766 1327 ilio
813 1262 937 1347 qui
975 1282 1019 1327 a
1067 1262 1359 1328 mortuis
1392 1272 1543 1342 ete„
1596 1262 1895 1327 servatis
1942 1260 2310 1327 servandis
2340 1281 2525 1347 quae

462 1366 594 1416 suo
643 1348 798 1416 loco
845 1352 1308 1418 indicavimus
1353 1355 1442 1436 (n.
1489 1356 1644 1433 21);
1694 1350 2033 1417 lectiones
2079 1347 2129 1415 Ι.
2181 1350 2524 1415 nocturni

461 1438 535 1505 in
596 1438 940 1506 Matutino
988 1440 1450 1507 desumuntur
1498 1461 1585 1507 ex
1630 1440 1930 1507 Actibus
1976 1436 2523 1525 Apostolorum,

463 1526 898 1615 Apocalypsi
979 1540 1048 1596 et
1125 1528 1457 1615 Epistolis
1531 1528 2071 1615 Apostolorum,
2150 1526 2313 1612 quia
2394 1526 2519 1593 his

465 1616 742 1701 scriptis
791 1629 861 1683 et
909 1640 1034 1684 sua
1080 1618 1337 1683 virtute
1408 1616 1734 1704 Apostoli
1767 1614 2037 1683 “testati
2114 1626 2273 1681 sunt
2332 1613 2519 1699 Jesu

463 1702 730 1772 Christi
774 1704 1415 1774 Resurrectionem.

461 1814 467 1821 ·
602 1814 748 1881 115.
798 1794 1082 1862 Festum
1131 1795 1499 1862 Paschatis
1546 1796 1856 1862 omnium
1919 1805 2026 1861 est
2084 1791 2519 1859 solemnissi-

463 1904 676 1963 mum,
703 1906 862 1950 cum
898 1885 1307 1971 mysterium
1334 1884 1504 1951 illud
1531 1883 1859 1965 celebret,
1888 1882 2079 1971 quod
2104 1880 2521 1947 christianae

461 1969 857 2059 Religionis
905 1985 1012 2040 est
1058 1972 1533 2040 firmissimum
1562 1972 2093 2039 fundamentum
2132 1972 2173 2052 ¹,
2209 1968 2519 2055 ejusque

465 2058 808 2128 institutio
857 2062 1027 2149 ipsis
1073 2062 1441 2151 Apostolis
1478 2060 1643 2148 jure
1694 2063 1943 2128 merito
1992 2060 2341 2127 tribuitur.

595 2150 723 2218 Est
769 2152 985 2238 igitur
1032 2173 1246 2217 unum
1295 2175 1333 2218 e
1386 2151 1928 2218 solemnioribus
1974 2148 2316 2215 Ecclesiae
2364 2147 2516 2212 uni-

462 2260 696 2306 versae
740 2240 962 2322 festiS,
1013 2242 1190 2307 ritus
1235 2241 1555 2326 Duplicis
1602 2239 1649 2306 Ι.
1706 2239 1971 2319 classis,
2022 2259 2179 2304 curn
2231 2246 2511 2303 octava.

596 2328 780 2395 Hinc
850 2330 1166 2416 sequitur
1214 2330 1380 2396 illud
1452 2329 1618 2395 nulli
1689 2329 1947 2396 cedere
2010 2326 2217 2407 fest0,
2269 2346 2508 2412 neque

464 2417 776 2504 cujusvis
803 2419 1550 2486 commemorationem
1576 2418 1942 2485 admittere
1958 2439 1975 2497 ;
2003 2435 2224 2504 quare
2244 2413 2506 2480 festum

463 2505 651 2573 aliud
700 2528 1081 2574 occurrens
1124 2507 1236 2575 die
1269 2508 1537 2588 eadem,
1570 2506 2007 2587 transfertur,
2045 2506 2100 2570 si
2137 2512 2246 2569 est
2279 2513 2512 2569 trans-

463 2592 759 2676 feribile,
809 2617 1015 2662 secus
1062 2597 1403 2662 omittitur
1450 2617 1763 2684 prorsus,

597 2683 927 2752 Officium
953 2685 1545 2773 Paschatis,quod
1570 2705 1796 2770 usque
1823 2684 1911 2750 ad
1938 2681 2327 2750 Sabbatum
2354 2680 2509 2746 sub-

463 2793 786 2860 sequenS,
834 2773 1194 2854 inclusive,
1237 2774 1643 2860 perlegitur,
1681 2773 1963 2839 unicum
1997 2771 2212 2837 habet
2256 2769 2327 2835 in
2368 2768 2513 2834 Ma-

561 2919 613 2986 1)
650 2917 810 2971 Sane
847 2918 1180 2988 Apostolus
1218 2919 1314 2987 ait,
1353 2918 1397 2973 I.
1436 2918 1569 2974 Cor.
1607 2916 1738 2972 XV.
1779 2934 1864 2987 14.
1906 2938 1931 2964 ιι
1973 2915 2037 2970 Si
2074 2913 2349 2968 Christus
2393 2929 2523 2965 non

451 2989 781 3042 resurrexit
803 2989 1000 3044 inanis
1025 2997 1121 3044 est
1146 2991 1493 3059 praedicatio
1520 2996 1745 3046 nostra.
1761 3004 1921 3042 vana
1938 2994 2033 3042 est
2056 2985 2211 3040 fides
2240 2990 2463 3038 nostra.
2486 3005 2511 3031 ν

454 3089 525 3098 —-
561 3059 791 3113 Nomen
828 3059 1072 3116 Paschoe
1109 3061 1414 3116 derivatur
1452 3061 1524 3115 ab
1562 3059 1841 3114 hebraica
1893 3076 2045 3114 voce
2100 3055 2307 3124 Phase,
2356 3053 2517 3108 idest

454 3133 731 3184 transitus
767 3137 848 3198 ut,
877 3132 1375 3200 quemadmodum
1418 3131 1705 3186 Israelitae
1754 3130 2095 3186 recolebant
2137 3125 2513 3191 beneficium,

454 3217 571 3270 quo
608 3201 879 3272 Angelus
919 3203 1137 3258 missus
1164 3203 1240 3257 ad
1265 3203 1700 3274 Aegyptiorum
1730 3201 2161 3273 primogenitos
2188 3195 2513 3259 necandos,

454 3288 660 3326 eorum
695 3273 838 3327 vitae
877 3274 1178 3342 parcebat,
1217 3291 1465 3344 quorum
1506 3273 1717 3327 domus
1744 3273 2037 3342 sanguine
2064 3268 2201 3340 agni
2227 3283 2518 3336 consper-

453 3358 555 3397 sas
591 3343 962 3413 inspiciebat,
998 3345 1083 3399 ita
1118 3345 1438 3400 Christiani
1474 3344 1661 3398 vitam
1698 3350 1987 3398 aeternam
2024 3358 2133 3412 per
2148 3339 2359 3410 Jesum
2400 3338 2515 3393 sibi

449 3415 796 3484 acquisitam
836 3415 1224 3471 celebrarent.
