2713 4137
513 222 638 287 160

639 361 810 441 Nos,
860 363 978 449 qui
1027 360 1524 449 Ephemeridis
1572 359 1645 429 It
1678 361 2021 427 Mom'tore
2080 356 2565 429 Ecclesiastico

506 450 1026 518 conclusionem
1090 452 1487 537 recepimus
1550 460 1621 517 et
1682 450 2047 517 retulimus
2122 448 2234 534 (cf.
2306 472 2372 516 n.
2444 472 2562 529 22,

510 551 674 606 nota
730 544 808 622 1),
855 540 1225 627 sequentia
1273 540 1721 606 adnotamus:

647 632 705 711 Ι)
737 628 966 695 Casus
992 628 1395 716 propositus
1423 652 1462 694 a
1486 627 1691 695 R.mo
1725 626 2130 696 Secretario
2158 626 2563 693 Vicariatus

507 716 740 798 Urbis,
790 739 1001 804 quem
1050 739 1261 803 supra
1309 717 1783 804 exposuimuS,
1818 727 1971 783 erat
2002 717 2089 784 de
2122 714 2426 804 quodam
2468 713 2563 782 O-

507 807 769 873 ratorio
815 806 904 875 ad
939 808 1288 893 privatam.
1314 828 1713 893 personam,
1765 826 1903 871 non
1938 816 2171 872 autem
2220 804 2309 873 ad
2343 802 2563 873 Com-

509 897 934 977 munitatem,
963 896 1151 983 pium
1180 895 1430 975 locum,
1454 907 1597 962 etc,
1632 905 2111 981 spectante,et
2135 914 2563 980 responsum

508 986 594 1051 in.
627 983 950 1050 Romana
998 985 1236 1050 datum
1283 983 1415 1050 fuit
1462 1007 1502 1050 a
1551 983 1627 1053 S.
1674 983 1759 1050 R.
1809 982 1892 1050 C.
1940 985 2245 1053 instante
2300 982 2559 1049 eodem

506 1073 714 1140 R.mo
763 1071 1168 1140 Secretario
1216 1072 1633 1153 Vicariatus,
1680 1072 1801 1160 qui
1848 1092 2090 1141 casum
2137 1072 2325 1139 illum
2396 1093 2565 1157 pro-

510 1173 871 1250 posuerat.

641 1257 709 1334 2)
756 1249 833 1318 S.
888 1250 974 1316 R.
1045 1249 1535 1336 Congregatio
1606 1250 1825 1317 noluit
1897 1248 2349 1335 postulationi
2422 1249 2559 1314 sibi

507 1339 716 1407 factae
769 1340 1036 1405 directe
1084 1340 1534 1424 respondere,
1586 1362 1751 1405 num
1810 1338 2075 1405 scilicet
2106 1337 2307 1405 E.mo
2342 1336 2565 1403 Card.

509 1427 796 1494 Vicario
845 1428 1089 1494 liceret
1136 1428 1375 1495 Missae
1425 1428 1972 1495 celebrationem
2022 1439 2091 1493 et
2124 1426 2563 1493 auditionem

511 1517 940 1605 permittere,
991 1538 1120 1582 nec
1169 1538 1276 1597 ne,
1329 1536 1402 1583 ut
1456 1518 1525 1583 in
1561 1539 1729 1584 casu
1742 1540 1759 1596 ;
1796 1515 1921 1584 sed
1956 1516 2189 1602 potius
2224 1514 2562 1601 explicuit

514 1626 800 1672 sensum
850 1606 1210 1691 particulae
1261 1604 1549 1675 Decreti
1598 1604 1990 1685 Generalis,
2029 1605 2139 1670 cui
2173 1604 2565 1691 postulatio

511 1696 957 1775 innitebatur,
985 1706 1060 1760 ut
1086 1716 1174 1760 ex
1200 1695 1363 1760 data
1388 1696 1790 1761 authentica
1821 1693 2289 1781 explicatione
2314 1691 2567 1759 E.mus

515 1783 729 1851 Card.
778 1782 1105 1850 Vicarius
1153 1783 1537 1850 deduceret
1579 1783 1748 1871 quid
1784 1783 1916 1849 sibi
1950 1781 2211 1861 liceret,
2246 1780 2360 1847 vel
2394 1803 2567 1847 non.

643 1877 710 1961 3)
760 1872 949 1938 Idem
1000 1871 1239 1939 E.mus
1287 1893 1539 1958 reapse
1587 1872 1839 1940 deduci
1890 1892 2101 1959 posse
2135 1870 2571 1937 existimavit

517 1962 651 2028 sibi
696 1962 811 2047 jus
856 1960 1120 2027 factum
1169 1983 1329 2028 esse
1379 1962 1827 2049 permittendi
1875 1961 1945 2026 in
1997 1960 2185 2027 dicto
2220 1958 2567 2026 Oratorio

514 2050 1059 2118 celebrationem
1106 2060 1175 2117 et
1235 2051 1667 2119 auditionem
1715 2050 1977 2129 Missae,
2026 2049 2123 2117 ita
2168 2060 2243 2117 ut
2315 2070 2573 2115 omnes

515 2140 761 2228 fideles
808 2142 875 2206 in
927 2162 1013 2205 eo
1060 2139 1373 2206 facerent
1422 2140 1592 2207 satis
1625 2151 1983 2227 praecepto
2029 2138 2309 2206 festivo,
2344 2137 2569 2205 Certo

515 2230 702 2297 enim
773 2229 1033 2295 scimus
1080 2228 1198 2295 illo
1247 2228 1402 2313 jure
1465 2252 1627 2296 eum
1699 2251 1902 2296 usum
1966 2227 2206 2308 fuisse,
2272 2226 2569 2294 Missam

516 2317 929 2404 permittens
962 2318 1029 2383 in
1066 2319 1406 2405 exposite,
1442 2320 1583 2404 imo
1618 2329 1688 2386 et
1732 2320 1800 2384 in
1850 2317 2073 2386 altero
2121 2316 2324 2384 simili
2375 2337 2571 2382 casu.

647 2412 716 2492 4)
763 2404 919 2472 Dici
971 2417 1202 2492 potest
1249 2408 1318 2474 in
1371 2407 1708 2475 Oratorio
1758 2407 1845 2474 de
1959 2427 2051 2473 uo
2098 2405 2169 2472 in
2220 2426 2406 2485 casu,
2460 2426 2569 2469 ce-

514 2494 977 2562 lebrationem
1027 2495 1267 2562 Missae
1307 2496 1471 2582 jure
1502 2496 1810 2583 permitti
1844 2517 1932 2564 va
1959 2495 2171 2576 uisse,
2206 2504 2570 2580 tamquam

516 2585 584 2649 in
616 2583 953 2651 Oratorio
967 2583 1253 2670 publico,
1279 2586 1473 2673 quod
1500 2585 1860 2652 Ordinarii
1886 2583 2252 2652 facultates
2280 2581 2571 2648 minime

517 2673 815 2739 excedit.
862 2673 1197 2739 Attamen
1248 2674 1689 2761 principium,
1790 2695 1881 2740 uo
1929 2673 2115 2742 nulla
2163 2669 2575 2740 Ordinariis

517 2762 845 2828 tribuitur
869 2772 1184 2849 potestas
1219 2763 1409 2829 circa
1442 2763 1716 2850 privata
1827 2762 2104 2842 ratoria,
2132 2759 2564 2828 infirmatum

519 2851 902 2917 haberetur
937 2850 992 2916 si
1026 2850 1144 2917 illa
1177 2862 1494 2938 potestas
1528 2862 1935 2920 versaretur
1966 2851 2153 2920 circa
2187 2850 2344 2916 haec
2382 2846 2569 2916 Ora-

518 2939 697 3005 toria
746 2940 1040 3024 privata,
1091 2939 1258 3007 dum
1309 2941 1472 3007 talia
1505 2953 1827 3022 manent;
1866 2961 2091 3022 secuS‚
2141 2939 2200 3004 si
2250 2939 2318 3003 in
2351 2959 2565 3024 pecu-

517 3027 807 3094 liaribus
855 3027 1223 3114 adjunctiS,
1261 3031 1476 3096 veluti
1524 3032 1616 3097 ob
1664 3050 2028 3096 accessum
2077 3025 2380 3114 plurium
2462 3048 2567 3091 er·

521 3137 874 3197 sonarum,
950 3117 1399 3184 declarentur
1468 3119 1557 3184 ab
1621 3116 2019 3185 Ordinariis
2084 3115 2564 3202 semipub‘ca,

518 3206 612 3270 ita
646 3217 720 3270 ut
753 3228 892 3271 non
928 3205 1227 3293 amplius
1259 3206 1468 3273 liceat
1491 3206 1738 3274 fideles
1764 3205 2161 3285 excludere,
2189 3223 2564 3291 quousque

522 3294 611 3361 ad
684 3295 977 3380 privata,
1040 3295 1441 3377 accedente,
1490 3296 1605 3378 vel
1675 3296 2095 3383 perdurante
2143 3291 2565 3380 Apostolico

517 3381 819 3466 Indult0,
868 3384 1104 3451 denuo
1153 3384 1600 3452 reducantur.
