2713 4137
611 268 699 331 Dis
747 267 1134 312 NONNULLIS
1181 267 1535 314 PARTissus
1584 267 1811 316 MissAE
2156 251 2245 336 67

182 389 695 478 nopolitanum,
766 388 1356 455 Athanasianum.
1414 387 1729 456 Primum
1795 401 1867 457 et
1923 391 2245 459 ultimum

181 481 518 547 dicuntur
565 479 634 544 in
687 477 966 545 Officio.
1015 475 1875 564 Constantinopolitanum
1926 498 2246 569 compre-

183 569 438 636 hendit
483 567 852 648 Nicenum,
903 567 1015 633 cui
1065 567 1476 654 superaddit
1523 568 1895 636 articulum
1946 571 2033 637 de
2082 593 2247 658 pro-

184 659 516 725 cessione
563 655 872 744 Spiritus
921 655 1164 724 Sancti
1214 679 1253 722 a
1302 655 1513 722 Patre
1580 668 1649 723 et
1704 657 1902 740 Filio,
1964 681 2243 727 necnon

179 758 495 836 quatuor
553 747 988 833 posteriores
1044 745 1381 812 articulos
1436 746 1764 834 Symboli
1820 747 2242 834 Apostolici,

183 847 259 903 et
307 836 644 901 recitatur
694 835 759 902 in
808 835 1027 901 Missa
1077 846 1236 921 post
1283 834 1772 922 Evangelium.
1828 847 1837 854 ‘
2106 905 2109 908 ,

322 946 432 1010 72.
464 923 847 1011 Triplicem
881 927 974 990 ob
1008 945 1294 990 causam
1327 923 1753 1010 Symbolum
1788 926 2125 992 recitatur
2171 927 2241 993 in

181 1013 426 1092 Missa,
455 1035 581 1080 seu
614 1014 883 1079 ratione
911 1014 1252 1099 mysterii,
1281 1016 1551 1080 ratione
1580 1014 1944 1097 doctrinae,
1974 1017 2246 1083 ratione

188 1103 652 1170 celebritatis,

320 1196 387 1274 a)
434 1191 729 1257 Ratione
759 1190 1073 1270 mysterii
1098 1190 1354 1256 dicitur
1387 1191 1455 1255 in
1489 1190 1818 1259 omnibus
1849 1191 2245 1261 Dominicis

178 1286 507 1366 (excepta
554 1280 775 1346 Missa
821 1279 1298 1364 Rogationum
1349 1277 1418 1344 in
1466 1278 1653 1345 festo
1685 1279 1763 1348 S.
1797 1281 2019 1348 Marci
2051 1283 2243 1370 quod

181 1371 249 1436 in
301 1369 751 1436 Dominicam
808 1369 1090 1452 incidit),
1144 1369 1160 1400 ¹
1215 1367 1284 1433 in
1339 1368 1671 1435 omnibus
1740 1369 1961 1452 festiS,
2035 1373 2245 1438 etiam

179 1459 647 1539 secundariis,
695 1456 1006 1536 Domini,
1055 1456 1135 1523 B.
1183 1457 1432 1523 Mariae
1478 1456 1567 1524 V.
1615 1468 1687 1525 et
1740 1459 2213 1546 Angelorum.

320 1547 382 1630 b)
431 1547 728 1613 Ratione
773 1545 1098 1613 doctrinoe
1145 1546 1403 1612 dicitur
1448 1546 1516 1612 in
1581 1546 1804 1629 festiS,
1857 1550 2066 1616 etiam
2138 1571 2247 1618 se-

180 1637 567 1716 cundariiS,
595 1635 1125 1722 Apostolorum,
1151 1634 1769 1722 Evangelistarum
1805 1649 1875 1704 et
1906 1637 2247 1706 Ecclesiae

185 1725 606 1793 Doctorum.
637 1724 810 1790 Item
867 1725 936 1790 in
969 1724 1154 1791 festo
1187 1723 1266 1792 S.
1299 1723 1549 1790 Mariae
1581 1725 2052 1812 Magdalenae,
2086 1749 2247 1814 quae

186 1817 415 1904 prima
464 1813 760 1880 credidit
783 1812 952 1897 Jesu
987 1813 1255 1880 Christi
1287 1813 1916 1881 Resurrectionem
1950 1838 2252 1903 eamque

191 1901 570 1991 Apostolis
620 1903 986 1969 nuntiavit.

321 1997 378 2076 c)
428 1991 722 2058 Ratione
767 1989 1170 2056 celebritatis
1217 1991 1475 2056 dicitur
1521 1991 1587 2057 in
1635 1991 1838 2058 festis
1894 1993 2250 2081 primariis

183 2082 659 2149 Patronorum
709 2079 1218 2167 principalium,
1245 2079 1685 2147 'Titularium
1746 2081 2247 2165 Ecclesiarum,

185 2170 675 2237 Fundatorum
722 2170 1250 2255 Religiosorum
1302 2167 1676 2252 Ordinum,
1727 2171 1855 2238 sed
1887 2171 1957 2239 in
2010 2194 2250 2260 respe-

183 2262 394 2327 ctivis
444 2258 782 2326 Ecclesiis
830 2269 1120 2339 tantum,
1156 2270 1226 2325 et
1274 2280 1415 2325 non
1451 2269 1673 2341 extra,
1711 2259 2244 2347 licet-ipsorum,

186 2361 257 2417 et
305 2350 596 2435 quidem
647 2349 777 2415 sub
826 2348 1077 2414 eodem
1128 2349 1286 2428 ritu,
1337 2348 1557 2415 Missa
1614 2348 2012 2416 celebretur
2028 2373 2045 2431 ;
2082 2351 2249 2417 item

184 2440 256 2505 in
304 2438 530 2518 festiS,
579 2438 791 2503 etiam
842 2438 1281 2503 secundariis
1329 2436 1375 2517 ²,
1424 2435 1853 2505 Sanctorum
1901 2439 2018 2505 vel
2073 2438 2249 2507 Bea-

183 2538 444 2606 torum‚
495 2527 844 2614 siquidem
895 2527 1149 2592 horum
1197 2525 1419 2592 Missa
1468 2527 1557 2593 sit
1618 2548 1979 2608 concessa,
2046 2529 2115 2594 in
2165 2530 2251 2595 iis

182 2614 531 2683 Ecclesiis
578 2636 742 2702 quae
791 2636 1037 2681 eorum
1084 2614 1484 2702 Reliquiam
1542 2616 1894 2702 insignem
1947 2616 1967 2647 ⁸
2018 2639 2251 2684 asser-

185 2718 374 2785 vant,
425 2704 808 2771 dummodo
859 2704 992 2769 ritu
1027 2703 1276 2770 saltem
1309 2704 1589 2791 Duplici
1626 2706 2005 2791 gaudeant.
2038 2706 2251 2774 Adde

183 2792 452 2861 festum
485 2792 911 2862 Sanctorum
940 2792 1278 2860 Omnium
1305 2805 1376 2859 et
1400 2807 1775 2881 utrumque
1801 2793 1877 2863 S.
1896 2794 2166 2883 Joseph
2195 2796 2217 2827 ⁴
2232 2818 2248 2876 ;

288 2942 342 3006 1)
381 2936 446 2993 S.
482 2937 555 2993 R.
593 2936 660 2992 C.
702 2954 734 3007 7
775 2936 940 3007 Sept.
984 2938 1140 3005 1816,
1181 2955 1237 2992 n.
1273 2953 1434 3007 2572,
1476 2938 1551 2991 ad
1588 2937 1750 2993 XVI.

284 3014 342 3076 2)
385 3008 448 3065 S.
484 3009 558 3065 R.
596 3008 662 3064 C.
709 3026 772 3063 11
815 3009 963 3079 Apr.
1004 3010 1160 3079 1840,
1201 3028 1258 3063 n.
1295 3011 1455 3074 2802,
1496 3008 1573 3062 ad
1613 3009 1656 3064 I.

287 3084 347 3149 3)
389 3080 668 3150 Reliquia
701 3080 958 3151 insignis
997 3090 1092 3134 est
1127 3082 1429 3150 integrum
1468 3097 1704 3150 corpus,
1747 3080 1846 3134 vel
1896 3097 2037 3150 pars
2088 3087 2257 3135 nota-

169 3150 335 3218 bilis,
373 3168 486 3206 ceu
512 3157 707 3221 caput,
733 3152 1056 3217 brachium,
1084 3169 1238 3220 crus,
1257 3152 1377 3205 imo
1401 3158 1462 3205 et
1491 3168 1648 3221 pars,
1677 3169 1799 3205 non
1824 3167 2013 3221 parva
2038 3159 2259 3221 tamen,

177 3222 248 3277 in
287 3239 406 3293 qua
445 3239 662 3293 passus
701 3230 796 3277 est
834 3222 1084 3293 Martyr.

289 3297 348 3364 4)
385 3294 507 3349 Sed
543 3294 607 3347 in
645 3294 801 3348 festo
841 3293 1184 3349 Nativitatis
1222 3292 1282 3346 S.
1313 3292 1566 3361 Joannis
1606 3292 1912 3362 Baptistae,
1952 3294 2093 3347 lieet
2142 3294 2259 3348 ritu

179 3364 421 3435 Duplici
462 3382 510 3420 1.
549 3365 761 3419 classis
799 3381 931 3419 cum
989 3364 1219 3419 Octava
1267 3364 1541 3433 potiatur,
1600 3382 1721 3418 non
1780 3364 1994 3419 dicitur
2061 3365 2260 3430 Cred0,

181 3436 303 3491 nisi
342 3436 441 3491 ubi
483 3444 577 3491 est
617 3436 915 3491 Patronus
951 3436 1050 3490 vel
1089 3434 1393 3489 Titularis.
