2713 4137
467 236 554 324 ’78
888 257 977 302 DE
1024 255 1409 302 NONNULLIS
1454 255 1803 302 PARTIBUS
1852 255 2079 301 MISSAE

467 404 644 462 mur,
694 383 920 469 ipsam
968 379 1352 466 spectando
1423 400 1553 466 pro
1621 378 1877 466 triplici
1948 391 2311 447 momento
2385 405 2530 470 quo

468 472 617 538 fieri
671 471 1054 556 contingat,
1107 490 1231 535 seu
1280 479 1459 539 ante.
1510 469 1694 534 intra
1742 481 1810 535 et
1860 481 2019 556 post
2073 470 2395 538 Missam.

599 561 1049 627 Adnotamus
1097 571 1330 624 tamen
1385 557 1622 644 populi
1657 557 2252 625 Communionem
2288 562 2529 627 statim

468 661 630 736 post
677 648 1265 718 Communionem
1315 646 1730 714 Sacerdotis
1764 648 1935 728 fieri,
1973 650 2201 735 magis
2237 671 2533 736 respon-

469 741 640 807 dere
689 739 904 805 menti
970 735 1335 816 Ecclesiae,
1410 748 1480 802 at
1550 749 1988 824 praeceptum
2036 739 2130 804 ita
2180 760 2321 805 non
2375 740 2533 805 dari

469 841 543 895 ut
591 826 1029 894 rationabilis
1099 827 1379 914 quaevis
1442 847 1655 892 causa
1704 827 2025 894 ordinem
2074 828 2333 894 mutari
2386 850 2532 894 non

468 919 843 1007 permittat,
893 917 1036 982 imo
1083 915 1465 1002 aliquando
1512 937 1651 981 non
1702 917 2013 997 suadeat,
2049 928 2123 982 ut
2157 939 2224 982 v.
2259 938 2332 1002 g.
2369 938 2533 982 cum

467 1007 859 1095 periculum
939 1005 1139 1073 adest
1211 1005 1325 1072 vel
1371 1006 1677 1086 timetur,
1751 1006 2013 1072 nostris
2086 1006 2533 1091 temporibus

472 1118 608 1162 non
684 1095 1117 1183 infrequenS,
1167 1115 1292 1161 eos
1340 1095 1559 1161 taedio
1607 1093 1806 1176 affici,
1859 1095 1977 1182 qui
2028 1116 2164 1160 non
2217 1117 2535 1161 commu-

468 1187 804 1265 nicanteS,
856 1206 1051 1270 saepe
1100 1183 1416 1250 indevoti
1472 1183 1684 1250 finem
1718 1185 1966 1251 Missae
2000 1183 2534 1270 praestolantur,

473 1275 588 1342 vel
636 1285 799 1340 ante
847 1273 1062 1340 finem
1111 1273 1506 1340 discedunt.

601 1365 712 1430 82.
762 1368 972 1433 Ante
1037 1366 1395 1432 Missam.
1466 1361 1825 1431 Sacerdos
1876 1362 2535 1428 communicaturus

471 1453 875 1520 immediate
925 1463 1086 1518 ante
1141 1452 1455 1532 Missam,
1522 1453 1610 1519 ad
1682 1452 1952 1532 Altare,
2027 1473 2224 1517 more
2295 1452 2533 1531 solit0,

475 1543 751 1608 accedit
798 1541 1128 1608 omnibus
1178 1543 1400 1608 sacris
1435 1541 1721 1608 indutus
1752 1541 2076 1608 vestibus
2109 1540 2199 1606 ad
2233 1539 2535 1606 Missam

472 1632 966 1700 celebrandam
1017 1632 1463 1712 necessariis,
1514 1632 1663 1697 sive
1715 1653 1957 1698 earum
1992 1630 2191 1696 color
2237 1650 2539 1716 respon-

471 1719 634 1786 deat
682 1720 898 1786 colori
955 1717 1189 1786 Officii
1239 1721 1401 1800 diei,
1454 1721 1605 1786 sive
1640 1742 1778 1786 non
1810 1744 1826 1801 ;
1862 1721 2002 1786 imo
2036 1719 2311 1785 etiamsi
2346 1719 2537 1804 nigri

475 1810 615 1876 sint
662 1809 924 1876 coloris
978 1810 1020 1874 ¹.

606 1898 845 1967 Calice
914 1899 1000 1964 de
1072 1920 1269 1964 more
1333 1898 1423 1964 ad
1493 1899 1675 1966 latus
1746 1897 2117 1985 Evangelii
2188 1896 2541 1963 collocato

471 1997 543 2053 et
591 1988 965 2075 corporali,
1016 1988 1206 2075 quod
1258 1989 1326 2054 in
1377 1987 1598 2054 Missa
1648 1988 2043 2067 adhibetur,
2096 1996 2412 2065 extensQ
2466 2009 2541 2051 a-

474 2078 657 2163 perit
705 2078 1233 2143 tabernaculum
1284 2088 1356 2144 et
1390 2081 1627 2144 omnia
1662 2080 1941 2165 peragit
1970 2100 2133 2165 quae
2165 2077 2234 2142 in
2268 2075 2540 2143 Rituali

473 2164 799 2232 Romano
850 2166 894 2245 ²,
970 2189 1099 2254 pro
1149 2168 1635 2235 distribuenda
1684 2166 1798 2236 Ss.
1846 2167 2291 2234 Eucharistia
2336 2176 2544 2232 extra

473 2254 791 2335 Missam,
841 2267 1264 2323 statuuntur.
1613 2267 1619 2273 '

603 2343 835 2411 Finita
881 2342 1423 2428 Communione,
1474 2348 1563 2414 ad
1604 2345 1855 2413 Altare
1900 2365 2252 2423 reversus,
2289 2342 2541 2409 solitas

473 2434 723 2501 recitat
788 2455 1060 2520 preceS,
1126 2437 1411 2503 omissis
1477 2447 1730 2517 tamen,
1796 2449 2117 2522 tempore
2182 2432 2538 2514 Paschali,

474 2520 786 2612 Alleluja
833 2524 924 2590 ad
973 2525 1435 2612 antiphonam
1485 2537 1555 2592 et
1605 2524 2001 2594 versiculos
2052 2524 2109 2589 si
2160 2522 2390 2609 nigris
2442 2522 2539 2588 in-

474 2610 684 2678 dutus
735 2612 825 2678 sit
872 2615 1303 2698 paramentis
1352 2615 1399 2681 ⁸.
1447 2614 1709 2683 Clauso
1756 2611 2199 2691 tabenacu10‚
2252 2612 2374 2678 dat
2420 2632 2546 2697 po-

475 2699 641 2787 pulo
712 2699 1315 2783 Benedictionem‚
1392 2715 1865 2792 praeterquam
1938 2705 1997 2771 si
2076 2702 2372 2769 Missam
2448 2700 2541 2767 de

474 2788 814 2877 Requz'em
864 2791 953 2857 sit
1001 2793 1487 2859 celebraturus
1537 2794 1582 2859 ⁴.

605 2880 717 2967 83.
765 2882 988 2949 Intra
1035 2884 1395 2950 Missam.
1442 2880 1747 2968 Sumpto
1797 2880 2314 2968 pretiosissimo
2363 2877 2545 2946 San-

477 2968 715 3053 guine,
780 2967 1140 3036 Sacerdos
1189 2968 1500 3038 Calicem
1550 2972 1639 3038 ad
1687 2970 1870 3037 latus
1937 2967 2329 3054 Evangelii,
2406 2968 2543 3034 sed

478 3079 695 3144 super
740 3058 1113 3143 corporali,
1164 3059 1465 3126 collocat
1513 3072 1582 3127 et
1631 3059 1811 3147 palla
1850 3057 2155 3124 obducta
2189 3058 2548 3144 cooperit.

581 3214 632 3279 1)
671 3211 731 3266 S.
770 3212 845 3267 R.
882 3212 946 3268 C.
985 3214 1158 3269 Decr.
1198 3212 1417 3269 Gener.
1457 3230 1491 3266 2
1560 3214 1724 3283 Junii
1766 3213 1921 3278 1868,
1964 3231 2022 3270 n.
2057 3230 2219 3285 3177.

575 3287 632 3347 2)
673 3282 787 3338 Rit.
833 3284 1000 3339 Rom.
1050 3286 1159 3341 Tit.
1201 3285 1316 3340 IV.
1355 3304 1403 3341 c.
1447 3230 1528 3340 l]

578 3356 635 3422 3)
675 3354 737 3408 S.
774 3354 848 3410 R.
885 3355 949 3411 C.
986 3358 1058 3410 26
1096 3358 1245 3413 Nov.
1286 3359 1440 3428 1878,
1484 3376 1540 3411 n.
1577 3357 1738 3426 3465.

577 3427 633 3495 4)
672 3424 733 3480 S.
771 3426 844 3481 R.
883 3426 946 3481 C.
985 3446 1056 3498 30
1093 3429 1248 3500 Aug.
1292 3431 1445 3499 1892,
1488 3448 1542 3484 n.
1582 3445 1742 3499 3792,
1783 3427 1859 3481 ad
1896 3427 1972 3481 X.
