2713 4137
899 237 988 282 DE
1035 236 1253 286 MISSIS
1302 235 1584 282 VOTIVIS
2141 237 2266 304 105

209 355 465 423 eadem
512 354 734 422 Missa
778 357 1039 422 votiva.
1087 356 1189 423 At
1236 356 1467 422 omnia
1517 356 1673 423 haec
1708 358 2142 436 omittuntur,
2205 357 2264 424 si

211 444 469 510 mulier
515 444 727 511 vidua
783 455 892 515 est
937 457 1007 511 et
1055 445 1121 510 in
1156 446 1416 531 nuptiis
1450 446 2017 531 praecedentibus
2054 448 2265 513 bene-

211 532 597 599 dictionem
647 534 1033 600 solemnem
1077 534 1221 621 jam
1274 536 1545 622 accepit
1598 536 1640 602 ¹.

1039 771 1312 841 CAPUT
1359 771 1434 841 V.

653 945 785 1024 De
813 954 816 959 ’
841 945 1134 1026 Missa
1185 945 1827 1049 Rogationum.

353 1176 498 1220 120.
525 1153 980 1240 RogationeS,
1010 1177 1134 1221 seu
1161 1154 1751 1243 Supplicationes,
1777 1178 1938 1244 quae
1968 1156 2262 1223 Lz'tanz‘oe

212 1243 424 1309 etiam
475 1257 984 1329 nuncupantur,
1039 1246 1144 1311 bis
1193 1246 1261 1310 in
1311 1268 1497 1311 anno
1541 1248 1875 1326 obtinent,
1948 1266 2078 1311 seu
2140 1246 2256 1313 die

207 1352 298 1419 25
345 1331 616 1420 Aprilis
664 1334 733 1398 in
781 1331 966 1399 festo
993 1332 1069 1401 S.
1118 1334 1363 1414 Marci,
1412 1336 1736 1421 quamvis
1788 1336 1922 1401 hoc
1960 1334 2261 1401 transfe-

210 1433 428 1501 ratur,
477 1432 549 1487 et
593 1422 662 1487 in
711 1423 945 1488 triduo
980 1424 1170 1510 quod
1219 1422 1474 1489 festum
1510 1424 1977 1490 Ascensionis
2025 1424 2261 1489 imme-

211 1510 399 1576 diate
457 1511 829 1577 antecedit.
895 1510 1079 1594 Quae
1151 1512 1374 1598 prima
1448 1514 1601 1579 vice
1670 1511 1863 1592 fiunt,
1936 1512 2262 1579 dicuntur

209 1600 557 1687 majores;
606 1619 767 1685 quae
825 1600 1042 1666 altera
1094 1603 1266 1680 vice,
1318 1602 1614 1667 minores
1649 1601 1694 1668 ².

351 1708 496 1755 121.
531 1687 668 1755 Ubi
717 1688 1090 1756 Processio
1137 1689 1613 1775 Rogationum
1644 1689 1739 1769 fit,
1776 1690 1927 1755 sive
1962 1711 2050 1755 ex
2082 1711 2261 1777 prae-

211 1777 498 1862 scripto,
549 1788 623 1841 ut
697 1778 766 1843 in
838 1777 1173 1845 Ecclesiis
1242 1777 1788 1846 Cathedralibus
1868 1778 1911 1857 ³,
1963 1779 2115 1844 sive
2176 1801 2264 1845 ex

206 1886 362 1946 usu,
412 1875 490 1931 ut
532 1867 601 1931 in
653 1866 806 1932 aliis
882 1866 1240 1947 EcclesiiS,
1311 1867 1734 1934 celebranda
1806 1878 1934 1946 est,
2009 1868 2259 1934 diebus

207 1976 348 2019 non
397 1956 730 2039 exceptiS,
782 1978 920 2020 una
990 1968 1261 2022 tantum
1317 1956 1557 2036 Missa,
1629 1956 1746 2022 vel
1818 1977 1972 2021 cum
2027 1966 2255 2035 cantu,

204 2043 324 2110 vel
371 2043 619 2111 saltem
669 2043 867 2117 lecta.
920 2066 1081 2132 quae
1131 2046 1583 2113 inscribitur:
1638 2044 1719 2112 ln
1768 2043 2065 2112 Litam‘z's
2114 2067 2259 2110 ma-

185 2131 495 2221 joribus,
545 2143 615 2198 et
663 2146 889 2199 exstat
937 2135 1005 2200 in
1040 2133 1307 2202 Missali
1345 2147 1505 2221 post
1536 2135 1828 2201 Missam
1861 2133 2257 2201 Dominicae

205 2220 294 2286 V.
345 2232 507 2307 post
552 2221 847 2289 Pascha.
913 2223 1336 2310 Hujusmodi
1386 2223 1604 2290 Missa
1677 2223 2074 2289 celebratur
2142 2223 2256 2289 vel

204 2309 678 2377 Processione
757 2324 1060 2397 peracta,
1111 2312 1244 2390 vel,
1296 2314 1354 2378 si
1402 2313 1603 2378 aliter
1672 2312 2134 2378 commoditas
2180 2311 2257 2378 fi-

205 2398 469 2464 delium
520 2399 845 2486 postulat,
897 2401 961 2466 in
1013 2401 1195 2467 illius
1229 2402 1554 2480 decursu,
1590 2412 1711 2468 aut
1757 2402 1966 2467 etiam
2016 2402 2103 2466 ab
2138 2402 2258 2467 ini·

201 2488 304 2553 tio
353 2488 397 2567 ⁴,
449 2499 517 2554 et
568 2510 906 2574 per.eam
979 2489 1226 2555 satisfit
1298 2491 1509 2556 etiam
1565 2489 1980 2575 obligationi
2040 2490 2257 2576 appli-

205 2577 506 2642 cationis
555 2598 683 2662 pro
731 2577 990 2665 populo
1041 2578 1152 2663 (cf.
1204 2601 1269 2644 n.
1315 2601 1427 2666 94.
1479 2591 1644 2647 nota
1697 2584 1776 2662 1).

338 2664 702 2752 Excipitur
746 2679 1021 2733 autem:
1078 2678 1156 2733 1⁰.
1204 2666 1379 2734 Dies
1450 2691 1590 2756 qua
1637 2669 1705 2734 in
1778 2666 2096 2733 Ecclesia
2155 2665 2256 2734 fe-

205 2765 394 2820 stum
444 2756 751 2822 occurrit
796 2754 1082 2822 Patroni
1134 2757 1246 2823 vel
1291 2757 1651 2836 TitulariS,
1700 2757 1833 2822 nisi
1908 2756 2042 2821 hoc
2092 2756 2256 2822 inci-

312 3039 363 3104 1)
402 3036 463 3093 S.
501 3039 573 3093 R.
613 3038 686 3093 U.
725 3038 947 3109 Inquis.
985 3040 1159 3094 Decr.
1196 3037 1417 3094 Gener.
1452 3057 1519 3109 31
1562 3039 1716 3108 Aug.
1757 3039 1913 3093 1881.
1972 3037 2150 3093 Plura
2188 3039 2266 3094 de

195 3108 316 3162 ritu
369 3110 614 3179 nuptiali
663 3110 802 3164 vide
842 3110 997 3177 apud
1049 3115 1246 3180 Pighi.
1295 3111 1405 3165 Lit.
1466 3111 1897 3166 Sacramentor.
1948 3115 2001 3163 et
2053 3109 2266 3164 Sacra-

195 3180 433 3235 mental.
470 3179 541 3238 P.
582 3180 632 3237 I.
681 3181 790 3236 Tit.
842 3181 944 3238 Vl.
981 3182 1142 3250 (edit.
1179 3183 1252 3251 3.)

305 3253 360 3317 2)
399 3251 488 3306 Cf.
527 3255 728 3322 Pighi.
754 3252 792 3308 l.
835 3271 884 3310 c.
941 3270 996 3308 n.
1034 3269 1147 3323 291
1176 3264 1236 3306 et
1263 3269 1432 3323 seqq.
1459 3253 1560 3306 ubi
1586 3251 1718 3306 fuse
1745 3250 1820 3304 de
1847 3251 2263 3306 Processione.

306 3324 364 3392 3)
403 3321 718 3379 Coeremon.
757 3325 1082 3396 Episcopor.
1122 3325 1186 3379 L.
1228 3323 1312 3378 II.
1353 3341 1399 3378 c.
1441 3321 1702 3379 XXXII.

306 3396 363 3462 4)
401 3394 462 3449 S.
497 3394 573 3450 R.
609 3394 673 3450 C.
709 3411 744 3465 5
784 3394 926 3464 Maji
965 3397 1120 3465 1736,
1159 3413 1217 3450 n.
1253 3413 1416 3465 2319,
1455 3395 1622 3465 reliq.
1662 3393 1799 3449 dub.
1840 3396 1913 3447 ad
1952 3391 2085 3448 XX.
