2713 4137
813 252 901 296 DE
949 250 1331 297 BREVIARIO
1380 249 1677 296 ROMANO
2218 249 2258 316 7

342 370 678 439 Secunda
726 393 890 459 pars
940 370 1213 438 titulum
1262 372 1518 439 habet:
1569 369 1943 456 Proprium
1990 369 2071 437 de
2102 379 2269 438 tem-

185 467 389 546 pore,
439 472 508 526 et
555 460 1095 547 comprehendit
1141 460 1480 527 lectiones
1529 459 1985 526 dominicales
2044 471 2116 526 et
2162 460 2265 527 fe-

202 548 442 628 rialeS,
491 571 676 636 quae,
725 571 885 616 cum
934 547 1232 635 adjectis
1277 549 1770 635 responsoriiS,
1819 549 2145 616 dicuntur
2191 551 2262 616 in

197 637 554 704 Matutino
626 659 755 726 per
826 660 1130 717 annum;
1209 640 1501 725 insuper
1571 637 1705 704 alia
1777 637 2017 718 refert,
2098 660 2261 725 quae

205 738 536 813 spectant
599 727 688 794 ad
762 726 1015 794 Officia
1064 727 1151 794 de
1211 727 1624 808 DominiciS,
1682 727 1769 794 de
1816 726 2012 794 feriis
2060 738 2131 794 et
2178 728 2267 795 de

206 815 572 882 nonnullis
622 817 1004 902 mysteriis,

345 903 591 972 Tertia
625 927 788 992 pars
821 917 930 973 est
957 931 972 973 :
1021 904 1405 991 Proprium
1436 905 1875 986 Sanctorum,
1911 915 1980 971 et
2015 901 2270 972 Officia

205 994 545 1074 continet,
595 1016 757 1082 quae
805 1007 966 1061 sunt
1013 993 1441 1062 Sanctorum
1491 1005 1561 1060 et
1611 993 2080 1080 quorumdam
2126 1016 2271 1080 my-

204 1083 590 1149 steriorum
639 1085 948 1170 propria,
995 1083 1397 1170 incipiendo
1432 1106 1473 1150 a
1506 1083 1620 1150 die
1652 1081 1923 1150 XXIX.
1962 1081 2267 1150 Novem-

204 1171 381 1250 bris,
427 1194 589 1260 quae
645 1173 1033 1259 proximior
1087 1194 1252 1239 esse
1325 1172 1504 1240 solet
1553 1170 1951 1239 Dominicae
1999 1171 2049 1239 I.
2117 1172 2270 1238 Ad-

203 1271 488 1341 ventuS,
546 1283 587 1328 a
635 1285 776 1349 qua
831 1261 1353 1328 ecclesiasticus
1404 1283 1632 1329 annus
1705 1261 1919 1328 habet
1963 1261 2261 1327 initium.

353 1349 627 1433 Quarta
675 1372 839 1437 pars
889 1351 1175 1418 dicitur:
1213 1349 1585 1418 Commune
1615 1349 2051 1430 Sanctorum,
2086 1361 2154 1416 et
2196 1350 2269 1416 in

206 1460 298 1505 ea
347 1440 795 1526 reperiuntur
842 1438 1115 1520 Officia,
1151 1461 1311 1528 quae
1342 1439 1606 1509 Sancto
1640 1440 2078 1525 cuicumque,
2114 1459 2270 1524 pro-

215 1528 450 1613 prium
503 1550 643 1594 non
692 1528 1001 1609 habenti,
1063 1529 1463 1596 communia
1520 1539 1699 1608 sunt,
1755 1539 1966 1615 prout
2034 1528 2270 1614 agitur

211 1617 306 1682 de
335 1616 730 1703 ApostoliS,
764 1617 878 1684 vel
909 1616 1387 1704 Evangelistis
1412 1641 1428 1698 ς
1481 1618 1569 1684 de
1604 1639 1764 1696 un0,
1802 1617 1915 1684 vel
1947 1616 2267 1703 pluribus

207 1704 694 1792 Martyribus;
767 1707 857 1774 de
928 1705 1383 1786 Confessore,
1460 1707 1609 1773 sive
1681 1705 2042 1785 Pontifice,
2114 1705 2267 1772 sive

203 1792 548 1876 Doctore,
601 1796 752 1862 sive
800 1816 940 1861 non
991 1795 1338 1863 Pontifice
1366 1817 1382 1875 ;
1455 1795 1543 1862 de
1590 1794 1909 1881 Virgine,
1954 1793 2070 1859 vel
2125 1815 2267 1860 non

211 1881 536 1968 Virgine,
587 1885 737 1951 sive
784 1883 1122 1970 Martyre,
1158 1885 1309 1951 sive
1368 1906 1528 1951 non.
1585 1882 1961 1950 Accedunt
2016 1879 2269 1949 Officia

212 1972 288 2038 in
336 1971 805 2040 Dedicatione
851 1972 1212 2054 Ecclesiae,
1263 1975 1330 2040 in
1384 1972 1587 2039 festis
1634 1970 1716 2039 B.
1758 1972 2004 2039 Mariae
2038 1970 2143 2050 V.,
2179 1971 2268 2038 de

206 2061 465 2128 eadem
511 2060 591 2129 B.
640 2061 862 2129 Maria
896 2061 980 2130 V.
1031 2063 1095 2128 in
1144 2061 1487 2143 sabbato,
1538 2076 1686 2129 tum
1737 2084 2035 2149 parvum
2086 2059 2273 2147 ejus-

209 2150 398 2228 dem,
449 2161 520 2217 et
568 2148 901 2218 Officium
951 2151 1493 2218 Defunctorum,

351 2238 619 2323 Quinta
690 2262 854 2327 pars
925 2240 1214 2308 exhibet
1271 2238 1527 2308 Officia
1596 2261 1727 2307 sex
1796 2240 2036 2306 votiva
2107 2258 2272 2304 con-

211 2348 422 2394 cessa
469 2351 508 2395 a
556 2327 794 2396 Leone
840 2328 1027 2397 XIII.
1074 2328 1151 2397 Ρ.
1200 2328 1296 2396 Μ.
1330 2351 1517 2395 anno
1560 2329 1751 2417 1883,
1802 2350 1929 2415 pro
1965 2326 2266 2395 diversis

215 2416 471 2483 diebus
530 2418 1021 2498 hebdomadae,
1079 2418 1389 2485 scilicet:
1461 2418 1550 2485 de
1619 2416 2107 2504 Ss.Ange1is,
2179 2415 2268 2483 de

215 2504 334 2573 Ss.
381 2502 770 2591 Apostolis'
818 2505 1108 2589 (Romae,
1190 2508 1277 2574 de
1348 2506 1464 2575 Ss,
1512 2505 1879 2593 Apostolis
1933 2506 2149 2573 Petro
2198 2515 2269 2572 et

207 2592 479 2675 Paulo),
529 2595 618 2662 de
673 2593 750 2663 S.
803 2594 1079 2681 Ioseph,
1150 2596 1240 2663 de
1311 2594 1450 2664 SS.
1500 2595 1966 2662 Eucharistiae
2015 2593 2263 2663 Sacra-

213 2693 480 2764 mento,
530 2683 620 2750 de
664 2682 1006 2751 Passione
1055 2684 1142 2752 D.
1189 2683 1278 2751 N.
1316 2684 1377 2768 J.
1428 2683 1509 2752 C.
1560 2696 1629 2751 et
1678 2684 1767 2751 de
1815 2683 2266 2751 Immaculata

210 2769 696 2859 Conceptione
741 2772 824 2839 B.
873 2773 1119 2840 Mariae
1169 2772 1251 2840 V.
1287 2772 1467 2840 Item
1500 2795 1585 2839 ea
1620 2771 1896 2853 Officia,
1928 2792 2092 2859 quae
2128 2791 2259 2858 pro

217 2859 571 2947 aliquibus
618 2871 884 2928 tantum
932 2861 1108 2928 locis
1157 2873 1321 2928 sunt
1368 2883 1730 2929 concessa.

353 2948 667 3016 Additur
711 2948 1089 3037 Appendix
1138 2951 1410 3018 habens
1460 2949 1713 3017 Officia
1769 2970 1899 3037 pro
1972 2946 2269 3035 singulis

213 3035 666 3105 Dioecesibus
713 3039 1107 3125 adsignata.

348 3125 426 3193 In
476 3137 726 3214 quarta
799 3139 1019 3214 parte,
1089 3138 1248 3214 post
1320 3124 1652 3194 Officium
1725 3123 2259 3205 Defunctorum,

217 3215 545 3314 quaedam
591 3216 1020 3297 inseruntur,
1069 3238 1231 3303 quae
1279 3227 1445 3282 sunt
1492 3227 1689 3283 extra
1739 3215 2062 3281 ordinem
2095 3211 2271 3280 Offi-

217 3325 512 3385 ciorum,
560 3315 769 3390 prout
816 3305 1171 3373 innuimus
1230 3327 1296 3372 n.
1354 3327 1421 3389 4.

354 3414 456 3460 10.
503 3390 751 3461 Exstat
797 3404 870 3461 et
914 3394 1092 3461 alius
1140 3394 1338 3475 liber,
1374 3393 1603 3461 dictus
1650 3390 2098 3460 Octavarium
2130 3388 2265 3457 Ro-
