<?xml version="1.0" encoding="UTF-8"?>
<!DOCTYPE html PUBLIC "-//W3C//DTD XHTML 1.0 Transitional//EN"
    "http://www.w3.org/TR/xhtml1/DTD/xhtml1-transitional.dtd">
<html xmlns="http://www.w3.org/1999/xhtml" xml:lang="en" lang="en">
 <head>
  <title>
</title>
<meta http-equiv="Content-Type" content="text/html;charset=utf-8" />
  <meta name='ocr-system' content='tesseract 3.04.00' />
  <meta name='ocr-capabilities' content='ocr_page ocr_carea ocr_par ocr_line ocrx_word'/>
</head>
<body>
  <div class='ocr_page' id='page_1' title='image "./liturgiadivinio00ferrgoog_0077.png"; bbox 0 0 2713 4137; ppageno 0'>
   <div class='ocr_carea' id='block_1_1' title="bbox 463 189 2227 276">
    <p class='ocr_par' dir='ltr' id='par_1_1' title="bbox 463 189 2227 276">
     <span class='ocr_line' id='line_1_1' title="bbox 463 189 2227 276; baseline -0.001 -20"><span class='ocrx_word' id='word_1_1' title='bbox 463 211 553 256; x_wconf 87' lang='lat' dir='ltr'>DE</span> <span class='ocrx_word' id='word_1_2' title='bbox 599 209 1108 257; x_wconf 86' lang='lat' dir='ltr'><strong>RELATIONIBUS</strong></span> <span class='ocrx_word' id='word_1_3' title='bbox 1155 211 1244 257; x_wconf 86' lang='lat' dir='ltr'>OF</span> <span class='ocrx_word' id='word_1_4' title='bbox 1247 211 1582 258; x_wconf 86' lang='lat' dir='ltr'><strong>FICIORUM</strong></span> <span class='ocrx_word' id='word_1_5' title='bbox 1626 211 1834 256; x_wconf 88' lang='lat' dir='ltr'>INTER</span> <span class='ocrx_word' id='word_1_6' title='bbox 1883 209 1961 256; x_wconf 87' lang='lat' dir='ltr'>SE</span> <span class='ocrx_word' id='word_1_7' title='bbox 2137 189 2227 276; x_wconf 80' lang='grc'>63</span> 
     </span>
    </p>
   </div>
   <div class='ocr_carea' id='block_1_2' title="bbox 163 329 2231 3173">
    <p class='ocr_par' dir='ltr' id='par_1_2' title="bbox 167 329 2229 2017">
     <span class='ocr_line' id='line_1_2' title="bbox 185 329 2229 418; baseline 0.001 -23"><span class='ocrx_word' id='word_1_8' title='bbox 185 329 489 416; x_wconf 88' lang='lat' dir='ltr'>pletorii,</span> <span class='ocrx_word' id='word_1_9' title='bbox 540 331 692 398; x_wconf 88' lang='lat' dir='ltr'>sive</span> <span class='ocrx_word' id='word_1_10' title='bbox 741 330 827 399; x_wconf 94' lang='lat' dir='ltr'>de</span> <span class='ocrx_word' id='word_1_11' title='bbox 877 329 1138 398; x_wconf 89' lang='lat' dir='ltr'>Officio</span> <span class='ocrx_word' id='word_1_12' title='bbox 1193 332 1443 398; x_wconf 90' lang='lat' dir='ltr'>eodem</span> <span class='ocrx_word' id='word_1_13' title='bbox 1490 330 1834 418; x_wconf 88' lang='lat' dir='ltr'>Vesperae</span> <span class='ocrx_word' id='word_1_14' title='bbox 1907 330 2229 397; x_wconf 85' lang='lat' dir='ltr'>dicantur</span> 
     </span>
     <span class='ocr_line' id='line_1_3' title="bbox 180 419 2228 504; baseline 0.001 -21"><span class='ocrx_word' id='word_1_15' title='bbox 180 419 504 504; x_wconf 88' lang='lat' dir='ltr'>integrae,</span> <span class='ocrx_word' id='word_1_16' title='bbox 537 429 657 486; x_wconf 92' lang='lat' dir='ltr'>aut</span> <span class='ocrx_word' id='word_1_17' title='bbox 692 420 1022 502; x_wconf 86' lang='lat' dir='ltr'>dimidiae,</span> <span class='ocrx_word' id='word_1_18' title='bbox 1056 421 1206 487; x_wconf 91' lang='lat' dir='ltr'>sive</span> <span class='ocrx_word' id='word_1_19' title='bbox 1241 420 1389 487; x_wconf 88' lang='lat' dir='ltr'>sola</span> <span class='ocrx_word' id='word_1_20' title='bbox 1422 420 1542 487; x_wconf 89' lang='lat' dir='ltr'>fiat</span> <span class='ocrx_word' id='word_1_21' title='bbox 1573 419 2149 486; x_wconf 84' lang='lat' dir='ltr'>commemoratio</span> <span class='ocrx_word' id='word_1_22' title='bbox 2186 420 2228 498; x_wconf 62' lang='grc' dir='ltr'>’ς</span> 
     </span>
     <span class='ocr_line' id='line_1_4' title="bbox 179 507 2227 594; baseline 0 -22"><span class='ocrx_word' id='word_1_23' title='bbox 179 507 330 574; x_wconf 87' lang='lat' dir='ltr'>imo</span> <span class='ocrx_word' id='word_1_24' title='bbox 379 509 651 575; x_wconf 90' lang='lat' dir='ltr'>etiamsi</span> <span class='ocrx_word' id='word_1_25' title='bbox 723 510 1298 576; x_wconf 85' lang='lat' dir='ltr'>commemoratio</span> <span class='ocrx_word' id='word_1_26' title='bbox 1372 508 1607 576; x_wconf 88' lang='lat' dir='ltr'>Officii</span> <span class='ocrx_word' id='word_1_27' title='bbox 1680 508 2005 575; x_wconf 90' lang='lat' dir='ltr'>habentis</span> <span class='ocrx_word' id='word_1_28' title='bbox 2074 528 2227 594; x_wconf 92' lang='lat' dir='ltr'>pro-</span> 
     </span>
     <span class='ocr_line' id='line_1_5' title="bbox 175 597 2229 684; baseline 0 -23"><span class='ocrx_word' id='word_1_29' title='bbox 175 597 410 682; x_wconf 85' lang='lat' dir='ltr'>priam</span> <span class='ocrx_word' id='word_1_30' title='bbox 485 598 911 684; x_wconf 90' lang='lat' dir='ltr'>hymnorum</span> <span class='ocrx_word' id='word_1_31' title='bbox 982 597 1502 664; x_wconf 85' lang='lat' dir='ltr'>conclusionem</span> <span class='ocrx_word' id='word_1_32' title='bbox 1574 599 1952 678; x_wconf 87' lang='lat' dir='ltr'>omittatur,</span> <span class='ocrx_word' id='word_1_33' title='bbox 2031 598 2229 664; x_wconf 90' lang='lat' dir='ltr'>dum-</span> 
     </span>
     <span class='ocr_line' id='line_1_6' title="bbox 176 685 2223 772; baseline 0.001 -23"><span class='ocrx_word' id='word_1_34' title='bbox 176 685 399 751; x_wconf 90' lang='lat' dir='ltr'>modo</span> <span class='ocrx_word' id='word_1_35' title='bbox 451 685 604 753; x_wconf 87' lang='lat' dir='ltr'>haec</span> <span class='ocrx_word' id='word_1_36' title='bbox 655 687 944 753; x_wconf 89' lang='lat' dir='ltr'>omissio</span> <span class='ocrx_word' id='word_1_37' title='bbox 992 685 1111 753; x_wconf 93' lang='lat' dir='ltr'>fiat</span> <span class='ocrx_word' id='word_1_38' title='bbox 1159 708 1297 751; x_wconf 90' lang='lat' dir='ltr'>non</span> <span class='ocrx_word' id='word_1_39' title='bbox 1349 687 1633 772; x_wconf 89' lang='lat' dir='ltr'>quidem</span> <span class='ocrx_word' id='word_1_40' title='bbox 1688 688 1957 754; x_wconf 89' lang='lat' dir='ltr'>ratione</span> <span class='ocrx_word' id='word_1_41' title='bbox 2028 689 2223 766; x_wconf 84' lang='lat' dir='ltr'>rituS‚</span> 
     </span>
     <span class='ocr_line' id='line_1_7' title="bbox 177 773 2227 861; baseline 0 -22"><span class='ocrx_word' id='word_1_42' title='bbox 177 773 312 840; x_wconf 91' lang='lat' dir='ltr'>sed</span> <span class='ocrx_word' id='word_1_43' title='bbox 363 784 631 840; x_wconf 90' lang='lat' dir='ltr'>tantum</span> <span class='ocrx_word' id='word_1_44' title='bbox 666 776 936 841; x_wconf 88' lang='lat' dir='ltr'>ratione</span> <span class='ocrx_word' id='word_1_45' title='bbox 967 775 1350 841; x_wconf 86' lang='lat' dir='ltr'>identitatis</span> <span class='ocrx_word' id='word_1_46' title='bbox 1385 774 1759 861; x_wconf 88' lang='lat' dir='ltr'>objectivae</span> <span class='ocrx_word' id='word_1_47' title='bbox 1793 774 2034 843; x_wconf 85' lang='lat' dir='ltr'>Officii</span> <span class='ocrx_word' id='word_1_48' title='bbox 2068 796 2227 840; x_wconf 89' lang='lat' dir='ltr'>con-</span> 
     </span>
     <span class='ocr_line' id='line_1_8' title="bbox 175 862 2226 952; baseline -0 -24"><span class='ocrx_word' id='word_1_49' title='bbox 175 865 528 930; x_wconf 89' lang='lat' dir='ltr'>currentis</span> <span class='ocrx_word' id='word_1_50' title='bbox 557 863 578 895; x_wconf 78' lang='lat'>⁹</span> <span class='ocrx_word' id='word_1_51' title='bbox 613 863 724 950; x_wconf 85' lang='lat' dir='ltr'>(cf.</span> <span class='ocrx_word' id='word_1_52' title='bbox 772 886 834 930; x_wconf 89' lang='lat' dir='ltr'>n.</span> <span class='ocrx_word' id='word_1_53' title='bbox 870 868 1000 952; x_wconf 89' lang='lat'><strong>79).</strong></span> <span class='ocrx_word' id='word_1_54' title='bbox 1035 863 1368 950; x_wconf 74' lang='lat' dir='ltr'>Exempla</span> <span class='ocrx_word' id='word_1_55' title='bbox 1397 889 1412 931; x_wconf 91' lang='lat'>:</span> <span class='ocrx_word' id='word_1_56' title='bbox 1446 863 1930 932; x_wconf 90' lang='lat' dir='ltr'>Concurrente</span> <span class='ocrx_word' id='word_1_57' title='bbox 1967 862 2226 930; x_wconf 86' lang='lat' dir='ltr'>Officio</span> 
     </span>
     <span class='ocr_line' id='line_1_9' title="bbox 175 951 2226 1041; baseline 0 -25"><span class='ocrx_word' id='word_1_58' title='bbox 175 951 428 1020; x_wconf 84' lang='lat' dir='ltr'>votivo</span> <span class='ocrx_word' id='word_1_59' title='bbox 476 952 612 1021; x_wconf 90' lang='lat' dir='ltr'>SS.</span> <span class='ocrx_word' id='word_1_60' title='bbox 663 952 1147 1033; x_wconf 79' lang='lat' dir='ltr'>Eucharistiae,</span> <span class='ocrx_word' id='word_1_61' title='bbox 1198 952 1498 1020; x_wconf 88' lang='lat' dir='ltr'>habente</span> <span class='ocrx_word' id='word_1_62' title='bbox 1533 955 1888 1041; x_wconf 88' lang='lat' dir='ltr'>propriam</span> <span class='ocrx_word' id='word_1_63' title='bbox 1936 953 2226 1040; x_wconf 91' lang='lat' dir='ltr'>hymno-</span> 
     </span>
     <span class='ocr_line' id='line_1_10' title="bbox 179 1040 2224 1130; baseline 0 -25"><span class='ocrx_word' id='word_1_64' title='bbox 179 1062 342 1105; x_wconf 90' lang='lat' dir='ltr'>rum</span> <span class='ocrx_word' id='word_1_65' title='bbox 392 1041 916 1108; x_wconf 87' lang='lat' dir='ltr'>conclusionem</span> <span class='ocrx_word' id='word_1_66' title='bbox 947 1043 1145 1124; x_wconf 84' lang='lat' dir='ltr'>Jesu,</span> <span class='ocrx_word' id='word_1_67' title='bbox 1193 1040 1318 1108; x_wconf 78' lang='lat' dir='ltr'>tibi</span> <span class='ocrx_word' id='word_1_68' title='bbox 1355 1043 1451 1108; x_wconf 82' lang='lat' dir='ltr'>sit</span> <span class='ocrx_word' id='word_1_69' title='bbox 1470 1041 1726 1130; x_wconf 80' lang='lat' dir='ltr'>gloria,</span> <span class='ocrx_word' id='word_1_70' title='bbox 1771 1064 1927 1108; x_wconf 89' lang='lat' dir='ltr'>cum</span> <span class='ocrx_word' id='word_1_71' title='bbox 1966 1040 2224 1108; x_wconf 90' lang='lat' dir='ltr'>Officio</span> 
     </span>
     <span class='ocr_line' id='line_1_11' title="bbox 175 1127 2227 1218; baseline 0.001 -24"><span class='ocrx_word' id='word_1_72' title='bbox 175 1127 588 1196; x_wconf 76' lang='lat' dir='ltr'>Nativitatis</span> <span class='ocrx_word' id='word_1_73' title='bbox 635 1129 712 1198; x_wconf 89' lang='lat' dir='ltr'>S.</span> <span class='ocrx_word' id='word_1_74' title='bbox 752 1129 1046 1214; x_wconf 88' lang='lat' dir='ltr'>Joannis</span> <span class='ocrx_word' id='word_1_75' title='bbox 1092 1129 1315 1216; x_wconf 90' lang='lat' dir='ltr'>Bapt.,</span> <span class='ocrx_word' id='word_1_76' title='bbox 1388 1131 1596 1217; x_wconf 87' lang='lat' dir='ltr'>hujus</span> <span class='ocrx_word' id='word_1_77' title='bbox 1649 1130 1984 1218; x_wconf 88' lang='lat' dir='ltr'>Vesperae</span> <span class='ocrx_word' id='word_1_78' title='bbox 2050 1131 2227 1196; x_wconf 90' lang='lat' dir='ltr'>inte-</span> 
     </span>
     <span class='ocr_line' id='line_1_12' title="bbox 173 1217 2226 1306; baseline 0 -24"><span class='ocrx_word' id='word_1_79' title='bbox 173 1239 340 1303; x_wconf 88' lang='lat' dir='ltr'>grae</span> <span class='ocrx_word' id='word_1_80' title='bbox 421 1217 748 1285; x_wconf 90' lang='lat' dir='ltr'>dicuntur</span> <span class='ocrx_word' id='word_1_81' title='bbox 815 1221 946 1285; x_wconf 90' lang='lat' dir='ltr'>sub</span> <span class='ocrx_word' id='word_1_82' title='bbox 1032 1220 1167 1285; x_wconf 88' lang='lat' dir='ltr'>ritu</span> <span class='ocrx_word' id='word_1_83' title='bbox 1237 1218 1517 1306; x_wconf 89' lang='lat' dir='ltr'>Duplici</span> <span class='ocrx_word' id='word_1_84' title='bbox 1587 1219 1636 1286; x_wconf 95' lang='lat' dir='ltr'>I.</span> <span class='ocrx_word' id='word_1_85' title='bbox 1708 1219 1973 1299; x_wconf 81' lang='lat' dir='ltr'>classiS,</span> <span class='ocrx_word' id='word_1_86' title='bbox 2045 1218 2226 1284; x_wconf 90' lang='lat' dir='ltr'>illius</span> 
     </span>
     <span class='ocr_line' id='line_1_13' title="bbox 175 1307 2227 1396; baseline 0 -24"><span class='ocrx_word' id='word_1_87' title='bbox 175 1308 760 1372; x_wconf 88' lang='lat' dir='ltr'>commemoratio</span> <span class='ocrx_word' id='word_1_88' title='bbox 809 1307 1009 1374; x_wconf 86' lang='lat' dir='ltr'>nulla</span> <span class='ocrx_word' id='word_1_89' title='bbox 1058 1307 1152 1389; x_wconf 88' lang='lat' dir='ltr'>fit,</span> <span class='ocrx_word' id='word_1_90' title='bbox 1203 1309 1474 1376; x_wconf 89' lang='lat' dir='ltr'>ratione</span> <span class='ocrx_word' id='word_1_91' title='bbox 1523 1309 1716 1388; x_wconf 84' lang='lat' dir='ltr'>rituS,</span> <span class='ocrx_word' id='word_1_92' title='bbox 1766 1330 1985 1396; x_wconf 91' lang='lat' dir='ltr'>quare</span> <span class='ocrx_word' id='word_1_93' title='bbox 2020 1307 2227 1374; x_wconf 90' lang='lat' dir='ltr'>etiarn</span> 
     </span>
     <span class='ocr_line' id='line_1_14' title="bbox 173 1393 2225 1483; baseline 0 -24"><span class='ocrx_word' id='word_1_94' title='bbox 173 1393 540 1460; x_wconf 88' lang='lat' dir='ltr'>conclusio</span> <span class='ocrx_word' id='word_1_95' title='bbox 584 1397 868 1482; x_wconf 88' lang='lat' dir='ltr'>propria</span> <span class='ocrx_word' id='word_1_96' title='bbox 900 1396 1055 1481; x_wconf 91' lang='lat' dir='ltr'>ejus</span> <span class='ocrx_word' id='word_1_97' title='bbox 1104 1418 1238 1463; x_wconf 90' lang='lat' dir='ltr'>non</span> <span class='ocrx_word' id='word_1_98' title='bbox 1272 1407 1670 1483; x_wconf 90' lang='lat' dir='ltr'>usurpatur.</span> <span class='ocrx_word' id='word_1_99' title='bbox 1696 1396 1749 1462; x_wconf 85' lang='lat' dir='ltr'>E</span> <span class='ocrx_word' id='word_1_100' title='bbox 1778 1408 2040 1477; x_wconf 90' lang='lat' dir='ltr'>contra,</span> <span class='ocrx_word' id='word_1_101' title='bbox 2069 1417 2225 1462; x_wconf 85' lang='lat' dir='ltr'>con-</span> 
     </span>
     <span class='ocr_line' id='line_1_15' title="bbox 177 1484 2226 1554; baseline 0 -6"><span class='ocrx_word' id='word_1_102' title='bbox 177 1493 512 1549; x_wconf 85' lang='lat' dir='ltr'>currente</span> <span class='ocrx_word' id='word_1_103' title='bbox 547 1485 798 1550; x_wconf 89' lang='lat' dir='ltr'>eodem</span> <span class='ocrx_word' id='word_1_104' title='bbox 832 1484 1092 1551; x_wconf 89' lang='lat' dir='ltr'>Officio</span> <span class='ocrx_word' id='word_1_105' title='bbox 1127 1486 1367 1551; x_wconf 88' lang='lat' dir='ltr'>votivo</span> <span class='ocrx_word' id='word_1_106' title='bbox 1400 1485 1538 1554; x_wconf 93' lang='lat' dir='ltr'>SS.</span> <span class='ocrx_word' id='word_1_107' title='bbox 1573 1485 2032 1552; x_wconf 85' lang='lat' dir='ltr'>Eucharistiae</span> <span class='ocrx_word' id='word_1_108' title='bbox 2067 1506 2226 1550; x_wconf 92' lang='lat' dir='ltr'>cum</span> 
     </span>
     <span class='ocr_line' id='line_1_16' title="bbox 169 1570 2223 1661; baseline 0 -24"><span class='ocrx_word' id='word_1_109' title='bbox 169 1570 361 1638; x_wconf 89' lang='lat' dir='ltr'>festo</span> <span class='ocrx_word' id='word_1_110' title='bbox 393 1571 470 1640; x_wconf 88' lang='lat' dir='ltr'>S.</span> <span class='ocrx_word' id='word_1_111' title='bbox 511 1571 800 1658; x_wconf 87' lang='lat' dir='ltr'>Spineae</span> <span class='ocrx_word' id='word_1_112' title='bbox 833 1573 1138 1640; x_wconf 89' lang='lat' dir='ltr'>Coronae</span> <span class='ocrx_word' id='word_1_113' title='bbox 1172 1573 1257 1641; x_wconf 92' lang='lat' dir='ltr'>D.</span> <span class='ocrx_word' id='word_1_114' title='bbox 1292 1574 1378 1642; x_wconf 92' lang='lat' dir='ltr'>N.</span> <span class='ocrx_word' id='word_1_115' title='bbox 1404 1574 1463 1659; x_wconf 91' lang='lat' dir='ltr'>J.</span> <span class='ocrx_word' id='word_1_116' title='bbox 1500 1574 1604 1657; x_wconf 72' lang='lat' dir='ltr'>C„</span> <span class='ocrx_word' id='word_1_117' title='bbox 1640 1575 1849 1659; x_wconf 90' lang='lat' dir='ltr'>hujus</span> <span class='ocrx_word' id='word_1_118' title='bbox 1882 1574 2223 1661; x_wconf 87' lang='lat' dir='ltr'>Vesperae</span> 
     </span>
     <span class='ocr_line' id='line_1_17' title="bbox 171 1661 2225 1752; baseline 0.001 -27"><span class='ocrx_word' id='word_1_119' title='bbox 171 1661 483 1746; x_wconf 86' lang='lat' dir='ltr'>integrae</span> <span class='ocrx_word' id='word_1_120' title='bbox 534 1661 855 1728; x_wconf 92' lang='lat' dir='ltr'>dicuntur</span> <span class='ocrx_word' id='word_1_121' title='bbox 901 1664 1034 1728; x_wconf 91' lang='lat' dir='ltr'>sub</span> <span class='ocrx_word' id='word_1_122' title='bbox 1083 1664 1218 1729; x_wconf 91' lang='lat' dir='ltr'>ritu</span> <span class='ocrx_word' id='word_1_123' title='bbox 1279 1663 1559 1752; x_wconf 89' lang='lat' dir='ltr'>Duplici</span> <span class='ocrx_word' id='word_1_124' title='bbox 1623 1663 1914 1750; x_wconf 87' lang='lat' dir='ltr'>majore,</span> <span class='ocrx_word' id='word_1_125' title='bbox 1965 1663 2225 1729; x_wconf 90' lang='lat' dir='ltr'>omissa</span> 
     </span>
     <span class='ocr_line' id='line_1_18' title="bbox 171 1748 2222 1838; baseline 0 -23"><span class='ocrx_word' id='word_1_126' title='bbox 171 1748 362 1815; x_wconf 92' lang='lat' dir='ltr'>illius</span> <span class='ocrx_word' id='word_1_127' title='bbox 443 1752 1112 1817; x_wconf 84' lang='lat' dir='ltr'>commemoratione</span> <span class='ocrx_word' id='word_1_128' title='bbox 1191 1753 1283 1817; x_wconf 93' lang='lat' dir='ltr'>ob</span> <span class='ocrx_word' id='word_1_129' title='bbox 1363 1753 1681 1838; x_wconf 90' lang='lat' dir='ltr'>mysterii</span> <span class='ocrx_word' id='word_1_130' title='bbox 1761 1753 2222 1830; x_wconf 87' lang='lat' dir='ltr'>identitatem,</span> 
     </span>
     <span class='ocr_line' id='line_1_19' title="bbox 167 1839 2221 1928; baseline 0.001 -26"><span class='ocrx_word' id='word_1_131' title='bbox 167 1859 398 1925; x_wconf 88' lang='lat' dir='ltr'>quare</span> <span class='ocrx_word' id='word_1_132' title='bbox 448 1839 807 1905; x_wconf 90' lang='lat' dir='ltr'>conclusio</span> <span class='ocrx_word' id='word_1_133' title='bbox 855 1841 1140 1927; x_wconf 90' lang='lat' dir='ltr'>propria</span> <span class='ocrx_word' id='word_1_134' title='bbox 1198 1842 1372 1927; x_wconf 88' lang='lat' dir='ltr'>ejuS‚</span> <span class='ocrx_word' id='word_1_135' title='bbox 1432 1842 1609 1920; x_wconf 79' lang='lat' dir='ltr'>lesu,</span> <span class='ocrx_word' id='word_1_136' title='bbox 1664 1841 1789 1908; x_wconf 76' lang='lat' dir='ltr'>tibi</span> <span class='ocrx_word' id='word_1_137' title='bbox 1836 1842 1931 1907; x_wconf 83' lang='lat' dir='ltr'>sit</span> <span class='ocrx_word' id='word_1_138' title='bbox 1970 1839 2221 1928; x_wconf 80' lang='lat' dir='ltr'>gloria,</span> 
     </span>
     <span class='ocr_line' id='line_1_20' title="bbox 172 1927 2221 2017; baseline 0.001 -25"><span class='ocrx_word' id='word_1_139' title='bbox 172 1927 412 1993; x_wconf 91' lang='lat' dir='ltr'>adhuc</span> <span class='ocrx_word' id='word_1_140' title='bbox 440 1927 736 1994; x_wconf 91' lang='lat' dir='ltr'>dicenda</span> <span class='ocrx_word' id='word_1_141' title='bbox 762 1940 871 1994; x_wconf 89' lang='lat' dir='ltr'>est</span> <span class='ocrx_word' id='word_1_142' title='bbox 893 1930 960 1994; x_wconf 92' lang='lat' dir='ltr'>in</span> <span class='ocrx_word' id='word_1_143' title='bbox 989 1929 1237 1996; x_wconf 90' lang='lat' dir='ltr'>iisdem</span> <span class='ocrx_word' id='word_1_144' title='bbox 1264 1928 1600 2017; x_wconf 89' lang='lat' dir='ltr'>Vesperis</span> <span class='ocrx_word' id='word_1_145' title='bbox 1626 1941 1695 1996; x_wconf 90' lang='lat' dir='ltr'>et</span> <span class='ocrx_word' id='word_1_146' title='bbox 1721 1929 2221 2016; x_wconf 84' lang='lat' dir='ltr'>CompletoriO.</span> 
     </span>
    </p>

    <p class='ocr_par' dir='ltr' id='par_1_3' title="bbox 163 2015 2231 3173">
     <span class='ocr_line' id='line_1_21' title="bbox 313 2015 2223 2106; baseline 0 -23"><span class='ocrx_word' id='word_1_147' title='bbox 313 2017 380 2103; x_wconf 86' lang='lat'>2)</span> <span class='ocrx_word' id='word_1_148' title='bbox 427 2015 508 2085; x_wconf 92' lang='lat' dir='ltr'>Si</span> <span class='ocrx_word' id='word_1_149' title='bbox 558 2027 931 2105; x_wconf 88' lang='lat' dir='ltr'>utrumque</span> <span class='ocrx_word' id='word_1_150' title='bbox 981 2016 1315 2085; x_wconf 87' lang='lat' dir='ltr'>Officium</span> <span class='ocrx_word' id='word_1_151' title='bbox 1366 2040 1817 2099; x_wconf 90' lang='lat' dir='ltr'>concurrens,</span> <span class='ocrx_word' id='word_1_152' title='bbox 1867 2018 2223 2106; x_wconf 90' lang='lat' dir='ltr'>propriam</span> 
     </span>
     <span class='ocr_line' id='line_1_22' title="bbox 174 2106 2224 2193; baseline 0.001 -24"><span class='ocrx_word' id='word_1_153' title='bbox 174 2116 395 2191; x_wconf 92' lang='lat' dir='ltr'>atque</span> <span class='ocrx_word' id='word_1_154' title='bbox 444 2106 798 2173; x_wconf 90' lang='lat' dir='ltr'>diversam</span> <span class='ocrx_word' id='word_1_155' title='bbox 848 2108 1064 2174; x_wconf 89' lang='lat' dir='ltr'>habet</span> <span class='ocrx_word' id='word_1_156' title='bbox 1096 2109 1521 2193; x_wconf 87' lang='lat' dir='ltr'>hymnorum</span> <span class='ocrx_word' id='word_1_157' title='bbox 1557 2109 2105 2185; x_wconf 88' lang='lat' dir='ltr'>conclusionem,</span> <span class='ocrx_word' id='word_1_158' title='bbox 2142 2129 2224 2173; x_wconf 92' lang='lat' dir='ltr'>ea</span> 
     </span>
     <span class='ocr_line' id='line_1_23' title="bbox 175 2195 2223 2283; baseline 0.001 -24"><span class='ocrx_word' id='word_1_159' title='bbox 175 2204 564 2281; x_wconf 86' lang='lat' dir='ltr'>usurpatur</span> <span class='ocrx_word' id='word_1_160' title='bbox 610 2196 679 2259; x_wconf 93' lang='lat' dir='ltr'>in</span> <span class='ocrx_word' id='word_1_161' title='bbox 731 2195 994 2281; x_wconf 89' lang='lat' dir='ltr'>hymno</span> <span class='ocrx_word' id='word_1_162' title='bbox 1043 2208 1191 2261; x_wconf 89' lang='lat' dir='ltr'>tum</span> <span class='ocrx_word' id='word_1_163' title='bbox 1239 2195 1735 2283; x_wconf 89' lang='lat' dir='ltr'>Vesperarum,</span> <span class='ocrx_word' id='word_1_164' title='bbox 1793 2211 1939 2263; x_wconf 89' lang='lat' dir='ltr'>tum</span> <span class='ocrx_word' id='word_1_165' title='bbox 2012 2196 2223 2264; x_wconf 91' lang='lat' dir='ltr'>Com-</span> 
     </span>
     <span class='ocr_line' id='line_1_24' title="bbox 176 2282 2224 2373; baseline 0.002 -26"><span class='ocrx_word' id='word_1_166' title='bbox 176 2282 481 2369; x_wconf 90' lang='lat' dir='ltr'>pletorii‚</span> <span class='ocrx_word' id='word_1_167' title='bbox 532 2304 692 2371; x_wconf 87' lang='lat' dir='ltr'>quae</span> <span class='ocrx_word' id='word_1_168' title='bbox 740 2286 1045 2370; x_wconf 88' lang='lat' dir='ltr'>pertinet</span> <span class='ocrx_word' id='word_1_169' title='bbox 1089 2285 1178 2351; x_wconf 90' lang='lat' dir='ltr'>ad</span> <span class='ocrx_word' id='word_1_170' title='bbox 1211 2284 1549 2351; x_wconf 84' lang='lat' dir='ltr'>Officium</span> <span class='ocrx_word' id='word_1_171' title='bbox 1586 2286 1673 2352; x_wconf 90' lang='lat' dir='ltr'>de</span> <span class='ocrx_word' id='word_1_172' title='bbox 1706 2309 1845 2373; x_wconf 90' lang='lat' dir='ltr'>quo</span> <span class='ocrx_word' id='word_1_173' title='bbox 1883 2285 2224 2372; x_wconf 87' lang='lat' dir='ltr'>Vesperae</span> 
     </span>
     <span class='ocr_line' id='line_1_25' title="bbox 176 2370 2222 2461; baseline 0.003 -26"><span class='ocrx_word' id='word_1_174' title='bbox 176 2370 354 2436; x_wconf 86' lang='lat' dir='ltr'>fiunt</span> <span class='ocrx_word' id='word_1_175' title='bbox 401 2371 718 2457; x_wconf 84' lang='lat' dir='ltr'>integrae,</span> <span class='ocrx_word' id='word_1_176' title='bbox 766 2372 880 2438; x_wconf 88' lang='lat' dir='ltr'>vel</span> <span class='ocrx_word' id='word_1_177' title='bbox 928 2373 1175 2440; x_wconf 90' lang='lat' dir='ltr'>saltem</span> <span class='ocrx_word' id='word_1_178' title='bbox 1223 2397 1262 2439; x_wconf 94' lang='lat' dir='ltr'>a</span> <span class='ocrx_word' id='word_1_179' title='bbox 1317 2374 1620 2461; x_wconf 87' lang='lat' dir='ltr'>capitulo</span> <span class='ocrx_word' id='word_1_180' title='bbox 1670 2375 1715 2441; x_wconf 81' lang='lat'>⁸.</span> <span class='ocrx_word' id='word_1_181' title='bbox 1774 2373 2222 2461; x_wconf 78' lang='lat' dir='ltr'>Exemplum:</span> 
     </span>
     <span class='ocr_line' id='line_1_26' title="bbox 177 2458 2222 2530; baseline 0 -3"><span class='ocrx_word' id='word_1_182' title='bbox 177 2458 676 2527; x_wconf 90' lang='lat' dir='ltr'>Concurrente</span> <span class='ocrx_word' id='word_1_183' title='bbox 746 2461 861 2527; x_wconf 90' lang='lat' dir='ltr'>die</span> <span class='ocrx_word' id='word_1_184' title='bbox 939 2473 1186 2528; x_wconf 88' lang='lat' dir='ltr'>octava</span> <span class='ocrx_word' id='word_1_185' title='bbox 1262 2462 1725 2529; x_wconf 85' lang='lat' dir='ltr'>Ascensionis</span> <span class='ocrx_word' id='word_1_186' title='bbox 1803 2486 1959 2530; x_wconf 91' lang='lat' dir='ltr'>cum</span> <span class='ocrx_word' id='word_1_187' title='bbox 2038 2462 2222 2529; x_wconf 86' lang='lat' dir='ltr'>festo</span> 
     </span>
     <span class='ocr_line' id='line_1_27' title="bbox 175 2546 2222 2631; baseline 0.001 -18"><span class='ocrx_word' id='word_1_188' title='bbox 175 2546 262 2614; x_wconf 92' lang='lat' dir='ltr'>B.</span> <span class='ocrx_word' id='word_1_189' title='bbox 308 2547 558 2615; x_wconf 89' lang='lat' dir='ltr'>Mariae</span> <span class='ocrx_word' id='word_1_190' title='bbox 611 2547 697 2616; x_wconf 91' lang='lat' dir='ltr'>V.</span> <span class='ocrx_word' id='word_1_191' title='bbox 755 2551 886 2616; x_wconf 90' lang='lat' dir='ltr'>sub</span> <span class='ocrx_word' id='word_1_192' title='bbox 941 2550 1140 2617; x_wconf 87' lang='lat' dir='ltr'>titulo</span> <span class='ocrx_word' id='word_1_193' title='bbox 1210 2550 1573 2617; x_wconf 86' lang='lat' dir='ltr'>Auxilium</span> <span class='ocrx_word' id='word_1_194' title='bbox 1643 2552 2222 2631; x_wconf 88' lang='lat' dir='ltr'>Christianorum,</span> 
     </span>
     <span class='ocr_line' id='line_1_28' title="bbox 179 2634 2224 2725; baseline 0.002 -24"><span class='ocrx_word' id='word_1_195' title='bbox 179 2634 528 2723; x_wconf 89' lang='lat' dir='ltr'>Vesperae</span> <span class='ocrx_word' id='word_1_196' title='bbox 579 2649 740 2703; x_wconf 90' lang='lat' dir='ltr'>sunt</span> <span class='ocrx_word' id='word_1_197' title='bbox 791 2639 1088 2725; x_wconf 82' lang='lat' dir='ltr'>integrae</span> <span class='ocrx_word' id='word_1_198' title='bbox 1139 2639 1230 2706; x_wconf 94' lang='lat' dir='ltr'>de</span> <span class='ocrx_word' id='word_1_199' title='bbox 1264 2641 1379 2705; x_wconf 84' lang='lat' dir='ltr'>die</span> <span class='ocrx_word' id='word_1_200' title='bbox 1428 2650 1694 2721; x_wconf 85' lang='lat' dir='ltr'>octava,</span> <span class='ocrx_word' id='word_1_201' title='bbox 1733 2663 1892 2707; x_wconf 92' lang='lat' dir='ltr'>cum</span> <span class='ocrx_word' id='word_1_202' title='bbox 1926 2662 2224 2707; x_wconf 89' lang='lat' dir='ltr'>comme-</span> 
     </span>
     <span class='ocr_line' id='line_1_29' title="bbox 178 2725 2223 2815; baseline 0.001 -24"><span class='ocrx_word' id='word_1_203' title='bbox 178 2726 573 2792; x_wconf 90' lang='lat' dir='ltr'>moratione</span> <span class='ocrx_word' id='word_1_204' title='bbox 620 2725 699 2794; x_wconf 88' lang='grc' dir='ltr'>Β.</span> <span class='ocrx_word' id='word_1_205' title='bbox 748 2727 994 2794; x_wconf 87' lang='lat' dir='ltr'>Mariae</span> <span class='ocrx_word' id='word_1_206' title='bbox 1042 2727 1152 2808; x_wconf 71' lang='lat' dir='ltr'>V„</span> <span class='ocrx_word' id='word_1_207' title='bbox 1201 2739 1270 2795; x_wconf 90' lang='lat' dir='ltr'>et</span> <span class='ocrx_word' id='word_1_208' title='bbox 1317 2729 1388 2793; x_wconf 93' lang='lat' dir='ltr'>in</span> <span class='ocrx_word' id='word_1_209' title='bbox 1438 2729 1919 2815; x_wconf 87' lang='lat' dir='ltr'>Completorio</span> <span class='ocrx_word' id='word_1_210' title='bbox 1954 2729 2223 2795; x_wconf 91' lang='lat' dir='ltr'>conclu-</span> 
     </span>
     <span class='ocr_line' id='line_1_30' title="bbox 182 2814 2227 2905; baseline 0.001 -26"><span class='ocrx_word' id='word_1_211' title='bbox 182 2814 290 2879; x_wconf 94' lang='lat' dir='ltr'>sio</span> <span class='ocrx_word' id='word_1_212' title='bbox 345 2814 592 2899; x_wconf 90' lang='lat' dir='ltr'>hymni</span> <span class='ocrx_word' id='word_1_213' title='bbox 660 2816 791 2881; x_wconf 91' lang='lat' dir='ltr'>erit</span> <span class='ocrx_word' id='word_1_214' title='bbox 845 2815 1162 2902; x_wconf 89' lang='lat' dir='ltr'>ejusdem</span> <span class='ocrx_word' id='word_1_215' title='bbox 1235 2828 1509 2883; x_wconf 86' lang='lat' dir='ltr'>octavae</span> <span class='ocrx_word' id='word_1_216' title='bbox 1581 2820 1884 2905; x_wconf 89' lang='lat' dir='ltr'>propria,</span> <span class='ocrx_word' id='word_1_217' title='bbox 1958 2817 2227 2884; x_wconf 88' lang='lat' dir='ltr'>scilicet</span> 
     </span>
     <span class='ocr_line' id='line_1_31' title="bbox 163 2901 2221 2991; baseline 0.003 -24"><span class='ocrx_word' id='word_1_218' title='bbox 163 2902 364 2985; x_wconf 78' lang='lat' dir='ltr'>jesu,</span> <span class='ocrx_word' id='word_1_219' title='bbox 399 2901 527 2967; x_wconf 71' lang='lat' dir='ltr'><em>tibi</em></span> <span class='ocrx_word' id='word_1_220' title='bbox 564 2903 660 2971; x_wconf 75' lang='lat' dir='ltr'>sit</span> <span class='ocrx_word' id='word_1_221' title='bbox 679 2902 912 2991; x_wconf 79' lang='lat' dir='ltr'>gloria</span> <span class='ocrx_word' id='word_1_222' title='bbox 941 2946 1016 2953; x_wconf 96' lang='lat'><strong>—</strong></span> <span class='ocrx_word' id='word_1_223' title='bbox 1051 2904 1201 2990; x_wconf 74' lang='lat' dir='ltr'>Qui</span> <span class='ocrx_word' id='word_1_224' title='bbox 1224 2906 1441 2972; x_wconf 81' lang='lat' dir='ltr'>victor</span> <span class='ocrx_word' id='word_1_225' title='bbox 1469 2906 1539 2971; x_wconf 74' lang='lat' dir='ltr'>in</span> <span class='ocrx_word' id='word_1_226' title='bbox 1570 2906 1805 2973; x_wconf 82' lang='lat' dir='ltr'>coelum</span> <span class='ocrx_word' id='word_1_227' title='bbox 1840 2906 2042 2987; x_wconf 76' lang='lat' dir='ltr'>redz&#39;S,</span> <span class='ocrx_word' id='word_1_228' title='bbox 2071 2917 2221 2986; x_wconf 66' lang='lat' dir='ltr'>ete„</span> 
     </span>
     <span class='ocr_line' id='line_1_32' title="bbox 181 2993 2231 3079; baseline 0.002 -23"><span class='ocrx_word' id='word_1_229' title='bbox 181 3012 318 3057; x_wconf 91' lang='lat' dir='ltr'>non</span> <span class='ocrx_word' id='word_1_230' title='bbox 356 3001 592 3057; x_wconf 88' lang='lat' dir='ltr'>autem</span> <span class='ocrx_word' id='word_1_231' title='bbox 643 2994 930 3079; x_wconf 89' lang='lat' dir='ltr'>propria</span> <span class='ocrx_word' id='word_1_232' title='bbox 974 2993 1055 3061; x_wconf 91' lang='lat' dir='ltr'>B.</span> <span class='ocrx_word' id='word_1_233' title='bbox 1102 2995 1350 3061; x_wconf 86' lang='lat' dir='ltr'>Mariae</span> <span class='ocrx_word' id='word_1_234' title='bbox 1399 2994 1486 3061; x_wconf 94' lang='lat' dir='ltr'>V.</span> <span class='ocrx_word' id='word_1_235' title='bbox 1537 2994 1799 3062; x_wconf 90' lang='lat' dir='ltr'>scilicet</span> <span class='ocrx_word' id='word_1_236' title='bbox 1827 3020 1842 3064; x_wconf 93' lang='lat'><strong>:</strong></span> <span class='ocrx_word' id='word_1_237' title='bbox 1875 2996 2071 3077; x_wconf 80' lang='lat' dir='ltr'>Jesu,</span> <span class='ocrx_word' id='word_1_238' title='bbox 2107 2994 2231 3062; x_wconf 74' lang='lat' dir='ltr'>tz&#39;bz·</span> 
     </span>
     <span class='ocr_line' id='line_1_33' title="bbox 177 3078 1921 3173; baseline 0.003 -28"><span class='ocrx_word' id='word_1_239' title='bbox 177 3080 274 3147; x_wconf 82' lang='lat' dir='ltr'>sit</span> <span class='ocrx_word' id='word_1_240' title='bbox 305 3078 548 3169; x_wconf 79' lang='lat' dir='ltr'>gloria</span> <span class='ocrx_word' id='word_1_241' title='bbox 593 3120 683 3129; x_wconf 89' lang='lat'>-—</span> <span class='ocrx_word' id='word_1_242' title='bbox 732 3082 880 3166; x_wconf 73' lang='lat' dir='ltr'>Qui</span> <span class='ocrx_word' id='word_1_243' title='bbox 918 3091 1125 3149; x_wconf 79' lang='lat' dir='ltr'>natus</span> <span class='ocrx_word' id='word_1_244' title='bbox 1172 3106 1244 3149; x_wconf 84' lang='lat' dir='ltr'>es</span> <span class='ocrx_word' id='word_1_245' title='bbox 1290 3083 1373 3149; x_wconf 79' lang='lat' dir='ltr'>de</span> <span class='ocrx_word' id='word_1_246' title='bbox 1431 3084 1735 3173; x_wconf 79' lang='lat' dir='ltr'>Virgine,</span> <span class='ocrx_word' id='word_1_247' title='bbox 1788 3095 1921 3152; x_wconf 91' lang='lat' dir='ltr'>ete.</span> 
     </span>
    </p>
   </div>
   <div class='ocr_carea' id='block_1_3' title="bbox 311 3218 1362 3293">
    <p class='ocr_par' dir='ltr' id='par_1_4' title="bbox 311 3218 1362 3293">
     <span class='ocr_line' id='line_1_34' title="bbox 311 3218 1362 3293; baseline 0.005 -20"><span class='ocrx_word' id='word_1_248' title='bbox 311 3222 332 3289; x_wconf 87' lang='lat'><strong>)</strong></span> <span class='ocrx_word' id='word_1_249' title='bbox 369 3218 435 3274; x_wconf 91' lang='lat' dir='ltr'>S.</span> <span class='ocrx_word' id='word_1_250' title='bbox 473 3220 547 3275; x_wconf 92' lang='lat' dir='ltr'>R.</span> <span class='ocrx_word' id='word_1_251' title='bbox 584 3220 648 3276; x_wconf 94' lang='lat' dir='ltr'>C.</span> <span class='ocrx_word' id='word_1_252' title='bbox 684 3238 719 3290; x_wconf 88' lang='lat'><strong>3</strong></span> <span class='ocrx_word' id='word_1_253' title='bbox 755 3222 910 3293; x_wconf 89' lang='lat' dir='ltr'>Aug.</span> <span class='ocrx_word' id='word_1_254' title='bbox 952 3240 1104 3291; x_wconf 91' lang='lat'>1901,</span> <span class='ocrx_word' id='word_1_255' title='bbox 1145 3222 1222 3277; x_wconf 92' lang='lat' dir='ltr'>ad</span> <span class='ocrx_word' id='word_1_256' title='bbox 1260 3223 1362 3280; x_wconf 94' lang='lat' dir='ltr'><strong>III.</strong></span> 
     </span>
    </p>
   </div>
   <div class='ocr_carea' id='block_1_4' title="bbox 268 3236 1686 3435">
    <p class='ocr_par' dir='ltr' id='par_1_5' title="bbox 268 3236 1686 3435">
     <span class='ocr_line' id='line_1_35' title="bbox 268 3236 1686 3367; baseline 0.005 -22"><span class='ocrx_word' id='word_1_257' title='bbox 268 3236 335 3361; x_wconf 59' lang='grc' dir='ltr'>ἑ)</span> <span class='ocrx_word' id='word_1_258' title='bbox 369 3290 532 3347; x_wconf 88' lang='lat' dir='ltr'><strong>S.R.</strong></span> <span class='ocrx_word' id='word_1_259' title='bbox 567 3290 632 3346; x_wconf 93' lang='lat' dir='ltr'>C.</span> <span class='ocrx_word' id='word_1_260' title='bbox 668 3308 704 3363; x_wconf 84' lang='lat'><strong>5</strong></span> <span class='ocrx_word' id='word_1_261' title='bbox 741 3293 912 3350; x_wconf 90' lang='lat' dir='ltr'>Febr.</span> <span class='ocrx_word' id='word_1_262' title='bbox 953 3298 1106 3366; x_wconf 84' lang='lat'><strong>1895,</strong></span> <span class='ocrx_word' id='word_1_263' title='bbox 1147 3312 1204 3349; x_wconf 94' lang='lat' dir='ltr'>n.</span> <span class='ocrx_word' id='word_1_264' title='bbox 1242 3297 1401 3367; x_wconf 87' lang='lat'>3844,</span> <span class='ocrx_word' id='word_1_265' title='bbox 1441 3295 1517 3350; x_wconf 88' lang='lat' dir='ltr'>ad</span> <span class='ocrx_word' id='word_1_266' title='bbox 1554 3295 1686 3353; x_wconf 91' lang='lat' dir='ltr'><strong>V11.</strong></span> 
     </span>
     <span class='ocr_line' id='line_1_36' title="bbox 273 3362 1308 3435; baseline 0.006 -19"><span class='ocrx_word' id='word_1_267' title='bbox 273 3366 334 3435; x_wconf 88' lang='lat'>3)</span> <span class='ocrx_word' id='word_1_268' title='bbox 369 3362 435 3419; x_wconf 89' lang='lat' dir='ltr'>S.</span> <span class='ocrx_word' id='word_1_269' title='bbox 470 3362 544 3419; x_wconf 93' lang='lat' dir='ltr'>R.</span> <span class='ocrx_word' id='word_1_270' title='bbox 581 3362 646 3419; x_wconf 95' lang='lat' dir='ltr'>C.</span> <span class='ocrx_word' id='word_1_271' title='bbox 685 3380 721 3418; x_wconf 88' lang='lat'><strong>2</strong></span> <span class='ocrx_word' id='word_1_272' title='bbox 749 3364 886 3435; x_wconf 86' lang='lat' dir='ltr'>Julii</span> <span class='ocrx_word' id='word_1_273' title='bbox 927 3382 1082 3435; x_wconf 87' lang='lat'><em>1901,</em></span> <span class='ocrx_word' id='word_1_274' title='bbox 1121 3367 1196 3420; x_wconf 89' lang='lat' dir='ltr'>ad</span> <span class='ocrx_word' id='word_1_275' title='bbox 1236 3366 1308 3423; x_wconf 91' lang='lat' dir='ltr'>II.</span> 
     </span>
    </p>
   </div>
  </div>
 </body>
</html>
