2713 4137
806 262 899 310 m:
919 258 926 268 ·
945 259 1213 312 M1ss.A1'„1
1259 259 1559 311 ROMANo
2162 267 2208 333 3

153 383 554 452 additiones
579 395 651 451 et
673 385 1098 452 variationes
1123 387 1192 452 in
1219 381 1549 452 Rubricis
1576 385 1881 475 Missalis
1906 385 2206 452 Romani

152 473 466 541 inductae
543 473 846 556 fuerunt,
897 476 964 540 in
1013 475 1218 541 novis
1297 473 1509 561 hujus
1573 470 2208 542 libri'editionibus

153 563 582 630 inserendae.
636 563 652 594 ¹

284 674 353 738 3.
401 651 530 718 Est
573 651 790 737 igitur
835 651 1118 718 Missale
1169 651 1611 719 Romanum:
1647 652 1863 719 Liber
1893 653 2205 740 Aposto-

148 741 282 807 lica
333 741 747 807 auctoritate
805 741 1052 816 editus,
1125 743 1492 808 continens
1563 764 1815 829 preces
1888 753 1957 809 et
2031 745 2203 809 ritus

147 830 407 916 quibus
433 843 958 896 sacrosanctum
982 830 1224 896 Missae
1248 828 1687 899 Sacrificium
1720 845 1826 898 est
1852 831 2205 898 celebran-

147 918 340 994 dum,
367 940 499 1005 pro
525 917 827 986 diversis
853 919 1015 985 anni
1043 920 1480 1007 temporibus
1508 933 1576 986 et
1604 921 1904 1007 singulis
1930 921 2201 988 diebuS.

281 1007 555 1073 Verum
631 1008 1092 1094 quarumdam
1167 1009 1377 1074 etiam
1450 1008 2055 1087 Benedictionum,
2114 1031 2202 1075 ex

141 1097 230 1162 iis
279 1097 722 1182 potissimum
773 1118 934 1184 quae
983 1096 1072 1164 ad
1105 1097 1352 1163 Altare
1405 1099 1635 1164 solent
1670 1100 1841 1179 dari,
1874 1098 2200 1165 formulae

144 1186 618 1271 reperiuntur,
671 1187 821 1252 sive
869 1209 1023 1252 curn
1082 1186 1322 1253 Missis
1380 1188 1511 1254 sibi
1583 1188 2197 1275 respondentibus,

141 1284 227 1430 Kt-
267 1296 339 1340 v,
387 1296 462 1429 g(i
530 1273 940 1342 Benedictio
1011 1275 1433 1357 Palmarum,
1509 1278 1661 1344 sive
1733 1279 1798 1343 in
1870 1277 2199 1344 distincta

217 1384 409 1452 ppen
468 1384 596 1430 ice.

969 1638 1243 1708 CAPUT
1292 1640 1369 1710 ΙΙ.

341 1778 472 1859 De
529 1779 1068 1860 auctoritate
1132 1779 1541 1862 Missalis
1600 1781 2017 1862 Romani.

215 2007 226 2012 '
271 2013 341 2079 4.
388 1991 494 2058 Ex
539 2003 786 2059 tenore
834 1991 1086 2059 Brevis
1139 2023 1168 2053 ιι
1223 1993 1378 2078 Quo
1421 1993 1729 2081 primum
1802 2002 2093 2080 tempore
2159 2022 2187 2052 υ

135 2081 214 2150 S.
267 2082 373 2148 Pii
407 2081 512 2163 V„
553 2083 745 2169 quod
792 2078 1059 2151 Missali
1110 2083 1473 2169 praefixum
1507 2083 1784 2170 legitur,
1825 2095 2015 2170 patet
2064 2083 2193 2149 La-

135 2172 308 2237 tinis
353 2193 600 2237 verum
635 2184 1066 2258 praeceptum
1103 2194 1261 2238 esse
1298 2173 1707 2259 impositum
1744 2173 1981 2239 utendi
2018 2173 2188 2239 Mis-

138 2260 270 2326 sali
338 2259 682 2341 Romano,
734 2261 920 2327 nulla
993 2263 1260 2327 ratione
1333 2262 1570 2329 habita
1642 2262 1933 2328 alicuius
2004 2274 2190 2327 ante-

136 2350 352 2416 rioris
398 2349 666 2431 indulti,
716 2351 1200 2436 exemptioniS,
1276 2350 1656 2436 dignitatiS,
1718 2352 2185 2417 severissimis

135 2440 354 2504 etiam
400 2439 625 2524 poenis
673 2440 969 2519 statutiS‚
1019 2450 1164 2505 tum
1213 2461 1341 2525 per
1390 2440 1675 2506 citatum
1725 2439 1975 2515 Breve,
2034 2451 2177 2505 turn

135 2549 270 2614 per
317 2525 452 2593 alia
503 2554 534 2587 u
589 2526 760 2596 Cum
808 2528 1339 2595 Sanctz'ssimum
1395 2557 1425 2587 υ
1478 2526 1865 2595 Clementis
1900 2528 2079 2596 VIII.
2116 2540 2185 2594 et

138 2646 168 2677 a
223 2616 319 2685 Si
360 2615 532 2701 quid
571 2625 752 2684 est-n
807 2616 1074 2685 Urbani
1109 2616 1307 2697 VIII„
1344 2628 1593 2684 contra
1628 2618 1919 2684 edentes
1953 2640 2181 2685 exem-

134 2706 361 2793 plaria
406 2704 714 2773 Missalis
744 2705 1043 2773 Romani
1080 2706 1266 2773 haud
1299 2706 1691 2773 conformia
1727 2719 1895 2793 typo
1931 2706 2177 2774 Romae

133 2795 464 2861 existenti
514 2807 582 2862 et
629 2795 778 2861 sine
828 2795 1100 2861 licentia
1149 2806 1264 2861 aut
1312 2795 1776 2883 InquisitoriS,
1827 2808 1945 2862 aut
1971 2795 2187 2863 Ordi-

135 2884 315 2951 narii
363 2883 521 2965 loci,
568 2883 757 2951 illam
805 2884 1369 2950 conformitatem
1420 2883 1944 2952 declarantium.
1983 2884 2004 2917 ²

237 3083 290 3149 1)
330 3078 392 3135 S.
428 3078 502 3135 R.
538 3078 602 3133 C.
639 3078 812 3135 Decr.
849 3076 1066 3134 Gener.
1109 3096 1168 3133 11
1209 3080 1351 3135 Dec.
1382 3081 1537 3149 1897.
1582 3079 1736 3133 Hinc
1764 3079 1826 3132 in
1849 3079 2191 3134 novissimis

126 3151 492 3206 editionibus
532 3151 791 3205 Missalis
831 3151 1053 3204 nomini
1091 3152 1465 3215 Pontificum,
1534 3152 1593 3205 ui
1630 3152 1692 3204 in
1729 3151 2076 3219 iscriptione
2112 3152 2194 3205 in·

127 3223 419 3290 dicantur,
456 3222 720 3277 additum
761 3229 854 3276 est
895 3240 1112 3277 nomen
1150 3223 1373 3277 Leonis
1410 3222 1493 3277 XI
1530 3224 1570 3277 I.

233 3296 290 3362 2)
330 3294 460 3348 Has
498 3293 736 3364 quidem
775 3295 1117 3349 sanctiones
1156 3294 1344 3349 adhuc
1373 3295 1436 3347 in
1462 3312 1569 3349 suo
1595 3294 1811 3346 robore
1838 3309 2191 3362 permanere

129 3366 456 3421 declaravit
493 3365 556 3421 S.
591 3364 666 3419 R.
701 3364 768 3421 C.
804 3382 836 3435 7
873 3365 1022 3435 Apr.
1063 3368 1221 3436 1832,
1247 3384 1305 3421 n.
1340 3366 1483 3434 2692
1523 3373 1583 3419 et
1638 3365 1813 3419 Decr.
1852 3363 2071 3420 Gener.
2110 3366 2185 3418 26

129 3438 278 3509 Apr.
319 3438 476 3508 1834,
517 3454 574 3492 n.
609 3437 772 3506 2716.
