2713 4137
652 236 741 283 DE
788 235 988 283 MODO
1035 235 1416 284 RECITANDI
1466 234 1793 283 OFFICIUM
2120 234 2240 301 141

189 356 656 423 lemnioribus
704 356 953 423 diebus
1003 378 1090 423 ex
1121 357 1403 443 integro
1438 356 1701 422 musice
1737 366 2240 443 proponantur,

188 456 478 512 servata
509 456 746 511 tamen
781 446 1067 533 propria
1101 444 1516 532 psalmodiae
1550 444 1797 525 forma,
1830 455 1900 511 et
1928 443 2239 529 exceptis

185 534 616 690 {ntiphonis
665 556 827 622 quae
875 535 1268 622 generatim
1302 534 1735 620 gregoriano
1771 534 1905 599 ritu
1940 532 2240 619 proponi

239 624 479 691 ebent.

174 713 179 718 ’
321 734 386 799 7.
431 711 638 797 Juxta
683 710 1199 779 Caeremoniale
1252 710 1767 797 Episcoporum
1842 738 1873 769 a
1927 708 2234 797 quando-

184 823 497 890 cumque
545 821 674 888 per
718 822 1067 887 organum
1115 800 1460 886 figuratur
1492 800 1757 888 aliquid
1791 799 2076 879 cantari,
2114 819 2239 865 seu

182 889 606 977 responderi
678 888 1072 957 alternatim
1145 889 1513 956 versiculis
1587 890 2039 975 hymnorum,
2118 898 2237 953 aut

182 980 648 1058 canticorum,
697 978 787 1045 ab
833 977 1068 1065 aliquo
1117 979 1206 1046 de
1278 979 1501 1044 choro
1572 976 1989 1063 intelligibili
2061 996 2239 1041 voce

182 1068 685 1153 pronuntiatur
716 1066 807 1147 id,
843 1067 1034 1156 quod
1067 1070 1157 1134 ab
1191 1088 1459 1152 organo
1494 1066 2071 1155 respondendum
2105 1074 2233 1131 est.

179 1155 269 1222 Et
319 1155 670 1223 laudabile
739 1167 948 1238 esset,
1020 1167 1097 1221 ut
1165 1156 1419 1242 aliquis
1488 1167 1736 1222 cantor
1807 1153 2235 1241 conjunctim

183 1267 350 1312 cum
402 1266 671 1332 organo
719 1267 896 1313 voce
945 1245 1134 1313 clara
1179 1245 1367 1312 idem
1417 1254 1733 1312 cantaret
1782 1244 1826 1311 ¹.
1882 1271 1913 1303 n
2072 1296 2093 1319 .

316 1335 386 1401 8.
433 1332 768 1401 Attamen
816 1334 1146 1421 regulare
1198 1344 1306 1402 est
1355 1344 1430 1399 ut
1476 1334 1746 1421 primus
1796 1352 2047 1401 versus
2082 1352 2235 1399 can-

180 1423 491 1489 ticorum
540 1424 808 1510 primus
857 1434 925 1491 et
973 1422 1258 1489 ultimus
1305 1444 1560 1490 versus
1620 1424 2068 1508 hymnorum,
2125 1420 2238 1487 vel

176 1511 296 1578 ille
347 1513 416 1577 in
464 1534 604 1600 quo
653 1524 763 1579 est
810 1509 1429 1599 genuflectendum
1488 1522 1557 1578 et
1629 1510 1867 1579 Gloria
1915 1511 2127 1579 Patri
2166 1510 2235 1576 in

181 1600 324 1667 fine
384 1602 835 1682 canticorum,
884 1612 1257 1668 cantentur
1303 1623 1342 1668 a
1377 1600 1619 1682 choro,
1670 1622 1809 1667 non
1859 1611 2092 1667 autem
2151 1599 2240 1665 ab

173 1711 480 1775 organO,
524 1689 739 1778 idque
783 1690 1058 1757 etiamsi
1091 1712 1343 1757 versus
1379 1690 1781 1756 immediate
1815 1688 2234 1776 praecedens

174 1778 396 1845 fuerit
441 1800 484 1844 a
531 1780 753 1845 choro
803 1780 1068 1867 pariter
1114 1779 1525 1846 decantatus
1576 1778 1619 1845 ².
1682 1784 1689 1791 '

311 1890 383 1953 9.
432 1865 806 1954 Organum
844 1868 1052 1935 silere
1086 1867 1298 1935 debet
1331 1868 1403 1933 in
1439 1865 1718 1934 Officiis
1752 1860 1840 1933 de
1871 1865 2233 1953 Tempore

173 1956 572 2037 AdventuS,
620 1961 941 2043 (excepta
1011 1956 1383 2024 Dominica
1429 1955 1587 2043 lII.),
1642 1954 2235 2042 Quadragesimae

170 2046 501 2132 (excepta
555 2044 931 2115 Dominica
978 2044 1140 2133 IV.),
1203 2044 1528 2129 Quatuor
1588 2044 2027 2132 Temporum
2092 2048 2232 2128 (ex-

169 2135 403 2221 ceptis
449 2133 584 2203 illis
631 2157 794 2224 quae
843 2147 1224 2203 occurrunt
1277 2135 1457 2202 infra
1513 2146 1839 2203 octavam
1885 2133 2227 2201 Penteco-

170 2227 371 2306 stes),
418 2244 690 2291 necnon
736 2225 808 2291 in
859 2223 1119 2293 Officio
1165 2223 1699 2292 Defunctorum.

995 2479 1268 2550 CAPUT
1295 2479 1434 2550 ·1v.

349 2628 470 2709 De
528 2627 1082 2731 obligatione
1135 2627 1574 2707 recitandi
1632 2624 2071 2707 Officium.

315 2834 464 2902 188.
535 2829 870 2900 Officium
939 2831 1250 2899 divinum
1321 2832 1621 2900 recitare
1698 2843 2073 2901 tenentur:
2158 2855 2215 2901 1.

169 2923 453 2992 Omnes
499 2921 758 2990 Clerici
789 2922 860 2988 in
890 2919 1135 2990 Sacris
1169 2918 1563 2989 Ordinibus
1604 2923 1981 3004 constituti,
2012 2925 2217 2992 etiam

170 3011 524 3100 suspensi,
579 3009 1180 3091 excommunicati,
1252 3019 1405 3092 etc.;
1476 3032 1541 3078 2.
1610 3009 2043 3094 Beneficiati,
2099 3013 2219 3101 qui

271 3257 328 3327 1)
367 3254 684 3312 Coeremon.
721 3254 779 3310 E
813 3257 980 3326 iscop.
1019 3253 1087 3310 L.
1125 3251 1176 3308 I.
1211 3269 1258 3307 c.
1298 3249 1603 3308 XXVIII.
1642 3267 1697 3307 n.
1732 3266 1785 3322 7.
1823 3249 1912 3307 Cf.
1952 3248 2015 3305 S.
2053 3249 2127 3310 R.
2162 3250 2227 3306 C.

154 3329 336 3383 Decr.
371 3327 590 3383 Gener.
625 3341 697 3380 22
803 3325 882 3395 aji
921 3325 1077 3397 1894,
1117 3341 1177 3379 n.
1211 3324 1317 3394 382
1361 3363 1373 3376 .

264 3404 324 3469 2)
366 3398 685 3456 Coeremon.
727 3395 987 3469 Episcop.
1028 3395 1094 3452 L.
1136 3392 1184 3451 I.
1225 3411 1272 3451 c.
1367 3391 1611 3451 XVIII.
1650 3410 1708 3450 n.
1748 3392 1805 3448 6.
