2713 4137
2119 244 2241 311 157

482 527 1185 607 Animadversio
1243 547 1519 627 super
1574 526 1957 607 Decreto

369 670 465 752 S.
554 670 666 749 R.
761 670 848 749 C.
936 695 988 771 3
1083 673 1308 772 Aug.
1396 693 1604 772 1901.
1692 671 2082 781 Romana.

331 882 468 949 Per
515 880 867 949 Generale
919 881 1302 949 Decretum
1351 902 1565 966 super
1614 879 1967 947 Oratoriis
2028 883 2239 947 semi-

197 972 514 1059 publiciS‚
565 972 756 1058 quod
804 970 881 1039 S.
929 970 1012 1037 R.
1064 970 1551 1057 Congregatio
1600 968 1819 1037 edidit
1867 970 1979 1036 die
2010 991 2099 1057 23
2123 969 2227 1053 Ja—

201 1062 422 1128 nuarii
462 1062 651 1147 1899,
702 1083 768 1129 n.
815 1082 1012 1146 4007,
1063 1060 1501 1127 declaratur:
2226 1111 2231 1115 .

302 1227 326 1253 a
369 1205 646 1259 Oratoria
684 1202 1072 1274 semipublica
1111 1220 1181 1257 ea
1220 1220 1380 1269 esse,
1418 1220 1552 1273 quae
1590 1204 1704 1258 etsi
1730 1203 1792 1257 in
1816 1202 1948 1257 loco
1977 1203 2253 1273 quodam·

192 1277 370 1330 modo
407 1277 659 1347 privato,
697 1276 796 1331 vel
835 1293 956 1329 non
996 1274 1264 1329 absolute
1292 1274 1545 1343 publico,
1574 1274 1925 1329 auctoritate
1953 1273 2253 1329 Ordinarii

189 1357 392 1402 erecta
429 1356 604 1415 sunt3
644 1346 956 1401 commodo
996 1353 1198 1400 tamen
1237 1363 1358 1399 non
1381 1346 1669 1401 Fidelium
1698 1346 1977 1413 omnium,
2006 1364 2115 1399 nec
2142 1346 2255 1416 pri-

190 1428 349 1474 vatae
387 1426 616 1473 tantum
656 1434 934 1488 personae
973 1424 1074 1471 aut
1113 1416 1372 1483 familiae,
1397 1417 1506 1472 sed
1533 1418 1779 1473 alicuius
1806 1418 2251 1471 communitatis

189 1490 290 1545 vel
339 1506 726 1560 personarum
778 1498 968 1543 coetus
1015 1489 1367 1543 inserviunt.
1417 1488 1485 1544 In
1524 1489 1633 1557 his,
1691 1489 1844 1543 sicut
1900 1488 2251 1543 auctoritate

193 1560 492 1617 Ordinarii
531 1570 976 1615 sacrosanctum
1019 1560 1222 1614 Missae
1261 1559 1626 1615 Sacrificium
1667 1560 1866 1616 offerri
1913 1568 2132 1631 potest,
2170 1560 2255 1613 ita

192 1649 401 1687 omnes
440 1633 538 1701 qui
577 1632 770 1685 eidem
809 1633 1128 1698 intersunt,
1163 1642 1468 1700 praecepto
1496 1631 1775 1689 audiendi
1802 1632 2050 1685 Sacrum
2078 1632 2253 1685 satis-

191 1703 390 1757 facere
427 1702 648 1759 valent.
687 1702 879 1771 Hujus
918 1702 1156 1773 generis
1195 1702 1473 1756 Oratoria
1509 1711 1650 1757 sunt
1727 1720 1819 1756 uae
1847 1704 2151 1772 pertinent
2178 1702 2253 1756 ad

190 1774 522 1829 Seminaria
559 1786 620 1828 et
657 1774 920 1845 Collegia
958 1773 1398 1840 ecclesiasticen
1438 1772 1514 1827 ad
1564 1774 1662 1843 pia
1738 1774 1987 1828 nstituta
2037 1780 2097 1827 et
2151 1772 2257 1827 So·

193 1846 442 1900 cietates
480 1853 750 1900 votorum
791 1846 1162 1915 simplicium,
1203 1844 1469 1914 aliasque
1508 1843 1981 1899 Communitates
2020 1845 2130 1898 sub
2166 1861 2253 1898 re·

193 1916 329 1987 gula
367 1918 498 1971 sive
537 1918 778 1972 statutis
807 1917 1030 1971 saltem
1057 1917 1130 1971 ab
1157 1915 1473 1971 ,Ordinario
1502 1916 1882 1985 approbatis;
1922 1916 1997 1969 ad
2023 1915 2251 1970 Domus

194 1988 602 2057 spiritualibus
649 1988 949 2043 exercitiis
997 1988 1299 2054 addictas;
1358 1987 1433 2041 ad
1476 1986 1801 2041 Convictus
1857 1995 1919 2041 et
1975 1986 2254 2055 Hospitia

186 2059 486 2128 J‘uventuti
523 2060 756 2129 litteris,
797 2060 1064 2115 scientiis
1091 2065 1192 2114 aut
1236 2058 1464 2113 artibus
1506 2058 1893 2114 instituendae
1923 2058 2224 2113 destinata
2236 2075 2253 2125 ;

191 2131 268 2184 ad
295 2132 667 2197 Nosocomia,
695 2131 1233 2202 Orphanatrophia„
1263 2147 1501 2184 necnon
1526 2130 1600 2184 ad
1628 2130 1821 2185 Arces
1848 2139 1908 2184 et
1933 2130 2251 2198 Carceres;

191 2209 371 2272 atque
410 2203 621 2258 similia
660 2202 950 2266 Oratoria‚
989 2203 1052 2256 in
1091 2202 1304 2272 quibus
1342 2218 1419 2254 ex
1456 2200 1728 2256 instituto
1768 2202 1979 2272 aliquis
2006 2201 2251 2256 Christi-

189 2273 452 2328 fidelium
493 2282 682 2328 coetus
709 2275 1032 2328 convenire
1059 2273 1213 2328 solet
1240 2274 1314 2327 ad
1343 2272 1701 2328 audiendam
1727 2273 1993 2330 Missam.
2020 2272 2250 2341 Quibus

191 2344 431 2416 adiungi
472 2345 694 2399 debent
719 2345 1036 2415 Cappellae‚
1062 2345 1125 2398 in
1149 2343 1506 2399 Coemeterio
1533 2344 1645 2398 rite
1670 2353 1909 2411 erectae,
1930 2343 2250 2399 dummodo

187 2415 252 2468 in
291 2415 496 2470 Missae
535 2415 934 2470 celebratione
975 2434 1096 2470 non
1132 2416 1206 2470 iis
1243 2421 1475 2470 tantum
1515 2415 1592 2469 ad
1631 2432 1781 2485 quos
1818 2417 2099 2486 pertinet,
2137 2415 2248 2468 sed

192 2485 326 2541 aliis
363 2488 542 2542 etiam
583 2487 628 2540 F
631 2487 886 2542 idehbus
925 2487 1120 2541 aditus
1158 2492 1379 2558 pateat.
1420 2508 1445 2534 n

333 2611 690 2699 Deinceps
738 2636 777 2680 a
823 2612 1006 2679 Rmo
1076 2612 1481 2682 Secretario
1551 2613 1948 2680 Vicariatus
2021 2611 2239 2680 Urbis

201 2701 498 2788 supplex
544 2701 820 2769 libellus
874 2702 1230 2769 exhibitus
1261 2701 1391 2769 fuit
1424 2702 1501 2771 S.
1534 2702 1618 2769 R.
1654 2701 2237 2788 Congregationi,

204 2790 416 2876 hujus
463 2790 776 2857 tenoris:
2072 2805 2078 2808 ’

303 2926 328 2952 ιι
372 2903 419 2957 11
453 2903 796 2975 Segretario
848 2905 945 2959 del
990 2905 1293 2960 Vicariato
1343 2907 1407 2960 in
1454 2907 1663 2973 Roma,
1719 2906 2249 2976 rispettosamente

191 2993 420 3046 espone
459 2975 573 3030 3113
609 2975 670 3030 S.
708 2976 1196 3048 Congregazione
1248 2977 1344 3032 dei
1393 2978 1514 3034 Riti
1568 2986 1789 3048 quanto
1846 2993 2065 3048 segue:
2114 2976 2251 3030 Don

189 3046 366 3101 Carlo
405 3047 594 3101 Maria
628 3047 842 3115 Busch,
880 3048 1115 3103 avendo
1154 3048 1301 3103 fissa
1338 3049 1567 3103 dimora
1607 3049 1761 3103 nella
1808 3048 1950 3102 villa
2003 3048 2248 3102 Silvano

194 3117 255 3172 di
290 3134 400 3172 sua
434 3119 737 3188 proprieta
775 3118 926 3174 fuori
963 3127 1139 3188 porta
1175 3120 1236 3174 S.
1274 3121 1615 3188 PancraziO,
1666 3120 1817 3176 sulla
1864 3121 1963 3174 via
2004 3117 2250 3174 Aurelia

191 3188 414 3242 Antica
450 3196 614 3243 a·tre
652 3188 980 3243 chilometri
1019 3189 1175 3244 dalla
1211 3191 1385 3260 Citta,
1422 3191 1499 3245 ha
1524 3198 1715 3245 eretto
1744 3191 1840 3245 ncl
1865 3192 2251 3261 pianterreno

196 3259 351 3314 della
388 3276 528 3314 casa
563 3277 644 3313 un
682 3259 957 3315 Oratorio
997 3269 1206 3315 ornato
1245 3280 1278 3317 e
1320 3263 1600 3316 decorato
1640 3280 1753 3316 con
1790 3269 1985 3333 gusto,
2018 3261 2249 3329 Questo

193 3331 468 3386 Oratorio
507 3331 584 3385 ha
619 3331 950 3401 l'ingresso
989 3332 1051 3385 in
1105 3349 1187 3386 un
1243 3335 1437 3403 ampio
1493 3333 1753 3402 piazzale
1812 3333 1966 3388 dove
2023 3333 2076 3386 si
2131 3334 2250 3400 puo

192 3403 480 3473 giungere
518 3401 674 3456 dalla
709 3402 985 3472 pubblica
1020 3403 1119 3457 via
1141 3405 1514 3472 penetrando
1541 3405 1698 3458 nella
1723 3405 1863 3460 villa
1888 3423 1921 3459 e
1946 3401 2250 3460 risalendo
