2713 4137
485 234 576 300 26
643 255 731 301 DE
778 255 862 301 IIS
910 255 1066 314 QUAE
1113 255 1328 302 MISSAE
1380 256 1665 302 CELEBR.
1703 256 2361 314 PRAEREQUIRUNTUR

489 377 836 444 toleratur
881 375 1072 462 quod
1121 397 1208 440 ex
1255 375 1459 460 pictis
1505 375 1865 442 asseribus
1900 388 2019 442 aut
2050 377 2181 445 alia
2215 381 2536 461 materia,

489 466 768 554 qecenti
816 475 1070 543 tamen,
1121 465 1209 530 sit
1253 463 1514 531 factum
1567 465 1607 530 ¹.

621 576 731 641 32.
779 551 1014 639 Super
1067 551 1313 619 Altare
1374 552 1759 618 collocetur
1815 552 2012 620 Crux
2069 555 2137 621 in
2196 557 2439 622 medio
2489 557 2535 639 ²,

425 664 434 671 ·
489 642 659 709 utin
695 643 1084 721 incruentO,
1120 643 1310 728 quod
1345 641 1761 721 celebratur,
1788 641 2175 724 SacrificiO,
2203 646 2540 713 omnibus

489 731 826 800 Crucifixi
874 731 1110 816 imago
1167 741 1463 796 renovet
1519 731 1865 816 passionis
1936 731 2203 799 Christi
2271 756 2539 802 merno-

492 821 688 886 riam.
736 819 890 890 Sub
937 818 1073 885 levi
1133 817 1438 886 Crucem
1500 820 1791 906 praecipi
1850 821 2089 887 dicunt
2138 821 2181 902 ³;
2241 833 2311 888 at
2371 845 2539 890 cum

491 909 725 978 Cruce
773 909 982 974 etiam
1031 906 1427 975 Crucifixus
1460 909 1883 994 praecipitur,
1916 920 2064 976 tum
2102 911 2266 996 quia
2299 913 2541 998 ipsum

492 998 823 1085 supponit
866 996 1174 1063 Rubrica
1220 996 1525 1063 Missalis
1576 998 1617 1072 ⁴,
1667 1008 1815 1064 tum
1864 999 2027 1084 quia
2075 1020 2415 1085 expresse
2467 1002 2543 1069 il-

489 1087 635 1153 lum
683 1087 993 1152 nominat
1016 1083 1534 1152 Caeremoniale
1566 1084 2077 1173 Episcoporum
2114 1089 2156 1168 ⁵,
2191 1099 2341 1154 tum
2366 1092 2543 1178 quia

489 1177 563 1242 id
619 1185 728 1240 est
775 1174 1138 1241 conforme
1187 1176 1382 1260 praxi
1431 1175 1869 1262 perantiquae
1917 1174 2254 1242 Ecclesiae
2307 1177 2352 1244 ⁶.

628 1263 740 1332 Sit
785 1273 1017 1330 autem
1065 1263 1260 1331 Crux
1308 1263 1634 1329 omnibus
1681 1265 2079 1350 conspicua,
2116 1286 2241 1333 seu
2293 1287 2541 1354 super-

493 1353 799 1419 emineat
861 1352 1301 1419 candelabris
1373 1353 1532 1418 hinc
1581 1352 1743 1418 inde
1792 1354 2059 1439 positis,
2108 1355 2223 1421 vel
2278 1355 2541 1423 saltem

492 1441 789 1508 visibilis
860 1463 940 1507 ac
1000 1441 1156 1508 talis
1228 1441 1749 1526 magnitudiniS,
1808 1452 1883 1508 ut
1952 1442 2182 1509 subito
2239 1444 2310 1510 in
2373 1467 2543 1511 con-

499 1543 745 1616 spectu
800 1530 1039 1596 veniat
1093 1529 1536 1598 Celebrantis
1584 1542 1653 1595 et
1702 1531 1969 1618 populi.
2015 1530 2257 1615 Quare
2311 1532 2391 1601 S.
2450 1534 2543 1603 R.

493 1618 981 1705 Congregatio
1030 1619 1438 1704 reprobavit
1484 1620 1779 1684 abusum
1813 1619 2202 1687 collocandi
2238 1643 2541 1708 parvam

493 1707 800 1776 Crucem
847 1708 965 1773 vix
1001 1708 1370 1785 visibilem,
1404 1707 1518 1772 vel
1552 1729 1764 1793 supra
1794 1707 2383 1790 Tabernaculum‚
2420 1712 2545 1778 vel

491 1818 706 1882 supra
762 1796 1065 1883 aliquam
1119 1797 1464 1861 minorem
1518 1796 1827 1862 tabulam
1883 1798 2085 1864 sitam
2154 1798 2223 1864 in
2296 1801 2544 1868 medio

491 1885 780 1963 AltariS‚
828 1886 986 1951 loco
1034 1883 1287 1952 Crucis
1335 1885 1767 1952 collocandae
1809 1887 1994 1953 inter
2025 1887 2459 1956 candelabra
2496 1891 2543 1957 ⁷.

496 1973 708 2058 Quod
756 1974 814 2039 si
862 1973 1165 2061 aliquam
1212 1975 1305 2042 ob
1378 1995 1662 2040 causam
1711 1977 2142 2042 removenda
2199 1977 2288 2042 sit
2337 1975 2547 2044 Crux

495 2064 626 2129 sita
673 2063 857 2129 inter
902 2062 1342 2144 candelabra,
1394 2063 1546 2143 alia,
1598 2074 1916 2151 tempore
1948 2063 2311 2146 Sacrificii,
2370 2080 2546 2155 apte

492 2151 782 2218 inferius
830 2162 1236 2238 apponatur,
1289 2154 1415 2219 sed
1464 2154 1842 2239 conspicua
1899 2165 2046 2219 tum
2102 2154 2546 2239 Celebranti,'

495 2252 643 2306 tum
693 2240 970 2326 populO,
1022 2263 1146 2307 seu
1196 2240 1523 2307 collocari
1574 2254 1807 2327 potest
1852 2242 1967 2309 vel
2022 2264 2233 2330 supra
2265 2243 2545 2313 Taber-

495 2329 841 2409 naculum,
892 2330 1100 2416 hujus
1155 2330 1401 2396 vertici
1460 2330 1688 2410 infixa,
1745 2331 1859 2396 vel
1930 2353 2144 2418 super
2202 2331 2546 2401 laminam

488 2418 870 2505 quamdam
919 2440 957 2483 e
1009 2419 1157 2485 basi
1205 2419 1629 2483 eminentem
1678 2419 1915 2485 throni
1963 2420 2031 2485 in
2082 2443 2223 2509 quo
2284 2420 2549 2490 Sacra-

493 2519 806 2572 mentum
855 2508 1242 2593 exponitur,
1277 2528 1657 2592 numquam
1692 2518 1922 2574 tamen
1957 2506 2025 2574 in
2060 2510 2321 2576 throno
2355 2512 2544 2598 ipso,

495 2595 626 2662 soli
673 2593 1137 2662 Eucharistiae
1187 2607 1550 2662 reservato
1602 2595 1645 2663 ⁸.
1695 2595 1960 2663 Verum
2014 2599 2219 2665 dictae
2280 2597 2550 2669 Crucis

597 2848 650 2916 1)
688 2849 970 2903 Fornici.
1012 2844 1198 2899 Instit.
1238 2844 1348 2899 Lit.
1387 2844 1457 2899 P.
1499 2844 1549 2899 I.
1588 2862 1633 2899 c.
1676 2844 1793 2899 III.

589 2919 646 2987 2)
684 2916 848 2971 Miss.
885 2915 1053 2971 Rom.
1093 2915 1273 2969 Rubr.
1317 2915 1519 2971 Gener.
1581 2916 1632 2969 T
1630 2919 1687 2970 it.
1732 2915 1866 2969 XX.

591 2990 647 3057 3)
684 2990 750 3043 S.
792 2992 1183 3059 AlphonsuS.
1230 2986 1282 3040 T
1279 2985 1419 3041 heol.
1456 2988 1611 3041 Mor.
1650 2986 1715 3043 L.
1770 2986 1872 3042 VI.
1910 3005 1965 3041 n.
1993 3002 2127 3057 393.

591 3061 651 3129 4)
690 3059 856 3113 Missa
893 3057 1064 3112 Rom.
1100 3056 1270 3111 Ritus
1307 3057 1497 3112 celebr.
1537 3058 1700 3112 Miss.
1747 3057 1801 3111 T
1798 3060 1857 3113 it.
1896 3057 1981 3113 II.
2019 3075 2073 3112 n.
2112 3076 2165 3113 2.

591 3133 650 3199 5)
691 3129 926 3185 Coerem.
968 3129 1149 3199 Episc.
1189 3128 1254 3183 L.-
1293 3128 1342 3183 Ι.
1384 3146 1429 3183 c.
1466 3128 1609 3183 XII.
1650 3146 1704 3183 n.
1744 3146 1834 3182 ΙΙ.

590 3203 648 3273 6)
686 3204 1071 3257 Benedictus
1109 3202 1280 3255 XIV.
1320 3199 1409 3253 De
1446 3200 1507 3255 S.
1546 3200 1747 3253 Missoe
1774 3200 1995 3272 Sacris.
2021 3200 2088 3257 L.
2114 3200 2163 3255 I.
2190 3218 2236 3255 c.
2263 3201 2382 3257 III.
2408 3222 2475 3260 n.
2520 3222 2561 3259 t

484 3288 644 3343 seqq.
682 3281 743 3325 et
778 3270 1032 3324 Constit.
1076 3291 1100 3317 ιι
1141 3271 1475 3339 Accepimus
1516 3294 1540 3321 n
1587 3271 1653 3325 16
1684 3271 1820 3341 Julii
1862 3272 2017 3340 1746.

592 3345 648 3413 7)
685 3342 746 3397 S.
785 3342 857 3395 R.
895 3340 959 3395 C.
1001 3358 1065 3411 17
1105 3340 1268 3409 Sept.
1311 3342 1467 3406 1822,
1506 3360 1562 3396 n.
1597 3342 1757 3409 2621,
1798 3342 1873 3396 ad
1912 3341 2040 3397 VII.

590 3416 647 3483 8)
686 3414 748 3469 S.
784 3412 859 3468 R.
895 3412 959 3467 C.
994 3428 1029 3465 2
1062 3412 1222 3482 Junii
1262 3413 1416 3481 1883,
1456 3430 1512 3468 n.
1548 3414 1705 3484 3576,
1746 3414 1822 3467 ad
1861 3412 1959 3467 III.
