2713 4137
520 235 611 285 20
684 235 774 280 DE
819 233 904 280 IIS
950 233 1108 292 QUAE
1154 233 1370 280 MISSAE
1418 233 1707 280 CELEBR.
1740 232 2410 291 PRAEREQUIRUNTUR

521 353 944 436 difficultate,
992 354 1107 421 vel
1153 355 1315 441 quia
1365 366 1573 442 urget
1619 354 1993 443 spiritualis
2043 354 2439 422 necessitas
2472 354 2575 422 di-

520 443 722 512 cendi
770 444 884 510 vel
931 442 1260 510 audiendi
1307 443 1601 510 Missam
1654 445 1697 510 ¹.

653 555 761 620 24.
805 532 909 598 At
953 554 1082 619 per
1128 530 1523 600 Concilium
1569 531 2063 615 Tridentinum
2100 532 2395 598 minime
2452 531 2573 599 de·

521 632 848 708 rogatum
894 621 1021 688 fuit
1069 620 1445 708 privilegio
1501 644 1642 709 quo
1705 620 1783 690 S.
1842 620 1929 687 R.
1991 620 2070 687 E.
2142 619 2571 688 Cardinales

522 722 593 776 et
634 709 963 798 Episcopi
1012 722 1309 796 possunt
1356 712 1425 776 in
1473 712 1746 778 aedibus
1815 709 2192 776 ordinariae
2242 731 2397 776 suae
2448 711 2571 775 ha-

521 799 875 868 bitationis
924 796 1334 866 Oratorium
1384 801 1669 880 habere,
1705 801 1771 865 in
1819 821 2047 886 eoque
2102 799 2252 884 ipsi,
2303 799 2453 865 imo
2498 808 2573 863 et

523 887 636 954 alii
661 886 1110 968 Sacerdotes,
1145 889 1352 954 etiam
1392 889 1834 976 privilegiato
1868 890 2181 967 absente,
2217 888 2334 954 vel
2367 886 2567 956 Sede

521 975 919 1064 Episcopali
967 989 1282 1056 vacante,
1348 978 1728 1056 celebrare,
1794 977 1889 1043 ita
1951 987 2026 1043 ut
2072 978 2161 1043 ab
2231 977 2571 1042 omnibus

525 1064 815 1132 satisfiat
885 1076 1244 1151 praecepto
1315 1067 1641 1134 audiendi
1712 1066 2023 1133 Missam.
2099 1065 2315 1132 Extra
2390 1085 2569 1130 vero

523 1155 807 1220 domurn
836 1175 983 1220 suae
1014 1154 1460 1223 habitationis
1495 1167 1789 1243 possunt
1811 1155 2024 1221 iidem
2049 1153 2471 1221 Cardinales
2500 1162 2574 1218 et

517 1241 866 1328 Episcopi,
902 1244 968 1310 in
995 1242 1151 1310 loco
1177 1245 1294 1311 ubi
1329 1244 1617 1330 degunt,
1659 1264 1871 1330 super
1902 1241 2126 1308 Aram
2158 1242 2571 1329 portatilem

523 1332 883 1398 celebrare
933 1342 1022 1412 et,
1069 1333 1242 1418 ipsis
1289 1334 1779 1419 praesentibus,
1829 1332 2376 1399 celebrationem
2410 1352 2573 1417 per—

521 1421 798 1486 mittere
845 1422 1052 1487 unius
1097 1421 1358 1502 Missae,
1408 1422 1503 1488 ita
1536 1433 1609 1489 ut
1641 1422 1871 1489 adhuc
1903 1423 1992 1487 ab
2026 1421 2353 1486 omnibus
2386 1440 2575 1506 prae-

521 1519 726 1594 cepto
790 1508 1046 1576 festivo
1110 1511 1421 1578 satisfiat.
1487 1509 1700 1594 Quod
1763 1510 2049 1596 quidem
2111 1509 2573 1596 privilegium

519 1596 888 1752 1Ijlpispopis
935 1619 1218 1686 quoque
1266 1599 1706 1668 Titularibus
1752 1599 2093 1686 prodesse
2126 1597 2569 1664 declaratum‘

551 1697 648 1752 ult
725 1737 740 1751 .

657 1773 1147 1842 Communiter
1204 1777 1415 1843 etiam
1474 1777 1805 1846 tribuitur
1847 1775 2217 1864 Episcopis
2263 1774 2571 1841 facultas

521 1864 972 1952 permittendi
1020 1865 1568 1933 celebrationem
1613 1866 1853 1933 Missae
1900 1875 2100 1932 extra
2144 1863 2567 1942 Ecclesiam,

521 1955 652 2020 sub
701 1953 840 2032 diu,
889 1954 959 2018 in
1011 1975 1178 2020 casu
1226 1956 1688 2036 necessitatis,
1737 1977 1803 2021 V.
1851 1977 1922 2042 g.
1971 1956 2028 2021 si
2073 1953 2398 2021 Ecclesia
2459 1950 2566 2017 di-

520 2053 676 2109 ruta
722 2055 832 2109 est
900 2042 1014 2110 vel
1083 2043 1559 2130 periclitatur;
1612 2045 1669 2111 si
1716 2046 1809 2112 ob
1866 2065 2201 2131 magnum
2269 2061 2563 2109 concur·

521 2153 675 2199 sum
723 2132 960 2220 populi
1010 2132 1122 2199 hic
1169 2134 1237 2198 in
1285 2133 1401 2200 illa
1449 2135 1689 2221 nequit
1734 2135 2071 2201 contineri
2107 2156 2125 2213 ;
2174 2134 2243 2199 in
2311 2130 2566 2198 castris

519 2239 650 2307 pro
714 2222 1072 2301 exercitu;
1134 2222 1202 2287 in
1268 2222 1501 2289 littore
1562 2224 1776 2290 maris
1823 2244 1952 2310 pro
2014 2221 2520 2307 navigantibus
2543 2240 2561 2299 ;

521 2329 662 2377 non
711 2330 885 2375 vero
933 2311 1002 2375 in
1053 2311 1234 2391 navi,
1284 2312 1418 2377 nisi
1467 2332 1555 2377 ex
1601 2311 1876 2379 lndulto
1921 2310 2343 2399 Apostolico
2395 2308 2440 2374 ⁸.

652 2419 760 2484 25.
810 2397 1215 2466 Canonistae
1248 2401 1508 2467 docent
1539 2401 1793 2486 quibus
1824 2402 1895 2467 in
1930 2401 2211 2467 casibus
2242 2396 2566 2465 Ecclesia

519 2498 952 2559 consecrata.
1004 2488 1117 2554 vel
1167 2489 1555 2569 benedicta,
1604 2501 1991 2572 execratur,
2041 2489 2157 2556 vel
2206 2487 2564 2575 polluitur.

521 2576 748 2643 Porro
796 2576 851 2641 si
901 2576 972 2642 id
1020 2577 1403 2664 contingat,
1454 2600 1593 2643 non
1643 2580 1938 2665 amplius
1986 2580 2149 2646 licet
2196 2579 2265 2643 in
2315 2597 2403 2641 ea
2448 2594 2565 2640 ce-

517 2664 798 2733 lebrare
848 2665 982 2730 nisi
1030 2678 1358 2732 execrata
1407 2668 1640 2734 denuo
1689 2680 2142 2735 consacretur
2185 2664 2301 2732 vel
2353 2666 2564 2730 bene-

522 2754 812 2833 dicatur,
863 2765 933 2819 et
977 2754 1238 2840 polluta
1285 2755 1795 2823 reconcilietur.
1829 2756 1984 2825 Hoc
2016 2779 2229 2825 unum
2262 2761 2565 2841 praestat

521 2842 881 2922 adnotare,
908 2863 1158 2929 nempe
1189 2842 1579 2910 Ecclesiam
1613 2845 1805 2927 haud¹
1826 2848 2141 2914 execrari
2176 2866 2306 2932 per
2337 2840 2565 2908 solam

622 3038 673 3103 1)
711 3036 799 3092 Cf.
836 3040 918 3094 Μ.
956 3039 1023 3093 C.
1061 3041 1131 3093 G.
1173 3035 1499 3095 Consultaz.
1537 3040 1690 3097 Mor.
1732 3042 1869 3097 Can.
1926 3043 2037 3098 Lit.
2074 3042 2144 3097 P.
2181 3040 2245 3095 II
2288 3038 2455 3095 cons,
2495 3034 2579 3089 X.

614 3113 673 3174 2)
712 3108 772 3162 S.
811 3108 882 3164 R.
919 3108 982 3163 C.
1024 3125 1088 3176 19
1127 3108 1269 3177 Maji
1310 3110 1464 3178 1896,
1506 3129 1561 3166 n.
1599 3116 1775 3181 39063
1812 3132 1846 3167 2
1875 3113 2014 3183 Julii
2065 3114 2217 3176 1661,
2284 3128 2341 3166 n.
2393 3110 2569 3178 1196;

495 3178 546 3233 «8
580 3178 728 3247 Apr.
769 3181 923 3249 1854,
963 3196 1018 3232 n.
1056 3196 1215 3248 3021.
1253 3179 1341 3234 Cf.
1395 3182 1452 3236 ll
1497 3182 1695 3238 Monit.
1765 3186 1975 3239 Eccles‘.
2026 3184 2150 3241 Ser.
2209 3182 2260 3238 Ι.
2330 3182 2454 3235 Vol.
2493 3179 2575 3235 X.

510 3249 580 3304 P.
618 3248 668 3303 I.
699 3259 837 3322 pag.
876 3266 984 3304 211
1023 3264 1083 3304 et
1121 3250 1244 3305 Ser.
1283 3251 1367 3307 II.
1422 3252 1543 3306 Vol.
1581 3253 1699 3310 III.
1732 3264 1867 3326 pag.
1905 3258 1999 3311 81.

617 3322 673 3389 3)
713 3323 1092 3381 Benedictus
1132 3325 1303 3385 XIV.
1345 3322 1434 3383 De
1471 3323 1533 3379 S.
1570 3326 1772 3382 Missoe
1809 3326 2027 3399 Sacrejf.
2068 3326 2134 3381 L.
2173 3324 2279 3381 III
2320 3340 2367 3375 c.
2407 3320 2577 3387 Vll„

512 3409 568 3447 n.
597 3408 649 3461 7,
674 3421 693 3432 -
718 3394 777 3447 S.
815 3393 886 3446 R.
912 3392 977 3447 C.
1002 3410 1037 3462 4
1075 3393 1270 3447 Martii
1298 3411 1457 3462 1901,
1495 3410 1587 3464 ap.
1626 3398 1773 3451 Acta
1811 3397 1872 3453 S.
1894 3396 2058 3452 Sedis
2110 3396 2231 3453 Vol.
2259 3392 2578 3450 XXXIII.
