2713 4137
385 239 478 285 DE
523 237 1036 288 RELATIONIBUS
1084 240 1173 286 OF
1176 240 1215 285 F
1217 239 1509 287 lcioRtJM
1554 239 1763 286 INTER
1814 238 1889 284 SE
2067 238 2157 307 45

92 359 314 426 simul
365 361 889 428 occurrentium
936 360 1332 446 privilegiO,
1406 375 1474 427 et
1550 359 1775 447 posita
1844 361 2157 446 ipsorum

91 449 414 535 paritate
461 449 695 536 quoad
744 449 977 529 ritum,
1024 449 1429 537 qualitatem
1484 471 1566 516 ac
1622 449 2051 537 dignitatem,
2102 450 2161 518 si

94 559 360 604 eorum
435 559 649 606 unum
697 549 808 605 est
859 536 1093 618 fixum,
1142 537 1442 605 alterum
1513 549 1624 605 est
1691 537 1972 616 mobile,
2045 538 2155 604 isti

97 625 271 692 illud
343 626 748 714 praefertur.
1600 659 1603 664 ·

229 713 405 782 Hoc
431 725 665 782 tamen
700 714 1018 802 intellige
1052 715 1142 783 de
1167 713 1448 782 Officiis
1480 737 1642 803 quae
1668 714 1911 782 stricto
1946 737 2159 782 sensu

103 814 268 870 sunt
319 805 634 885 mobilia,
684 805 800 872 vel
848 805 958 871 his
991 816 1475 883 accensentur,
1513 826 1652 871 non
1684 825 1859 870 vero
1893 804 1982 871 de
2017 826 2158 871 mo·

103 892 371 960 bilibus
422 895 804 981 improprie
850 893 1074 973 dictis,
1124 916 1284 981 quae
1341 893 1645 961 vidimus
1694 895 1782 978 (n.
1831 898 1942 982 33)
1989 891 2160 960 fixo·

103 1003 260 1048 rum
301 982 477 1069 jura
525 983 656 1050 sibi
727 982 1108 1050 vindicare.
1181 981 1559 1070 Exempla:
1631 982 1710 1051 Si
1760 981 2012 1049 alicubi
2061 983 2162 1049 in-

111 1070 385 1138 dultum
432 1070 569 1137 fuit
610 1070 868 1138 festum
918 1070 1176 1139 mobile
1221 1070 1600 1162 Patrocinii
1645 1070 1727 1138 B.
1775 1071 2022 1138 Mariae
2071 1070 2157 1138 V.

116 1159 463 1227 celebrari
510 1182 723 1247 posse
755 1159 1127 1228 Dominica
1173 1159 1290 1228 IV.
1324 1158 1790 1247 SeptembriS,
1823 1161 2005 1227 illius
2039 1158 2163 1227 Of-

115 1247 268 1315 ficio
322 1261 747 1316 occurrente
797 1249 1175 1338 aliquando
1223 1249 1337 1317 die
1388 1271 1474 1336 24
1508 1249 1825 1336 ejusdem
1874 1250 2161 1330 mensiS,

119 1339 222 1405 cui
315 1337 582 1405 festum
675 1339 889 1405 fixum
960 1350 1030 1405 et
1098 1336 1433 1405 Officium
1528 1349 1638 1405 est
1726 1338 2161 1425 assignatum

117 1424 190 1492 B.
237 1427 494 1494 Mariae
548 1425 631 1494 V.
681 1429 768 1495 de
803 1427 1156 1506 Mercede,
1193 1439 1472 1514 oportet
1506 1428 1673 1495 illud
1711 1428 1871 1495 huic
1904 1427 2160 1495 cedere

122 1515 367 1596 locum,
442 1528 599 1582 utut
645 1516 853 1583 ambo
903 1518 1042 1582 sint
1088 1516 1381 1603 aequalis
1431 1518 1627 1598 ritus,
1684 1517 2038 1604 qualitatis
2086 1528 2156 1584 et

125 1604 512 1691 dignitatis,
558 1604 615 1673 E
667 1618 932 1685 contra,
982 1604 1354 1672 Dominica
1403 1605 1582 1672 infra
1636 1617 1959 1672 octavam
2021 1606 2161 1672 As-

125 1696 539 1781 sumptionis
571 1693 652 1760 B.
686 1693 935 1762 Mariae
969 1692 1055 1761 V.
1089 1694 1641 1781 persolvendum
1674 1705 1782 1761 est
1825 1693 2161 1762 Officium

125 1782 374 1850 mobile
431 1782 507 1852 S.
549 1782 893 1868 Joachim,
941 1781 1105 1850 licet
1150 1806 1233 1850 ea
1284 1783 1397 1850 die
1446 1793 1775 1850 occurrat
1822 1781 2159 1850 Officium

125 1870 326 1939 fixum
375 1872 665 1939 alterius
713 1871 980 1950 Sancti,
1039 1871 1356 1959 ejusdem
1424 1872 1619 1953 rituS,
1669 1872 2023 1960 qualitatis
2085 1885 2157 1940 et

131 1960 521 2047 dignitatis;
567 1983 786 2048 quum
857 1961 1044 2028 enim
1116 1960 1451 2029 Officium
1522 1959 1601 2030 S.
1666 1961 1990 2046 Joachim
2069 1961 2159 2028 sit

130 2050 376 2118 mobile
426 2050 566 2118 lato
616 2073 846 2132 sensu,
917 2049 1212 2118 fixorum
1279 2051 1442 2138 jura
1506 2050 1639 2118 sibi
1689 2050 2037 2131 adsciscit,
2088 2061 2161 2117 et

131 2140 452 2227 quoniam
483 2139 925 2207 feriationem
961 2162 1203 2207 secum
1237 2140 1470 2219 habet,
1506 2140 1688 2222 ide0,
1726 2162 1884 2207 cum
1919 2151 2156 2207 cetera

135 2230 262 2295 sint
306 2230 521 2316 paria,
571 2229 770 2296 alteri
822 2227 1083 2296 Officio
1130 2228 1509 2316 praefertur
1560 2229 1603 2296 ¹.

255 2337 363 2406 53.
410 2316 687 2405 Regula
734 2317 851 2385 VI.
900 2318 1324 2404 Proprietas.
1375 2316 1711 2385 Officium
1760 2316 1952 2404 quod
2002 2338 2162 2403 pro-

135 2406 350 2492 prium
396 2417 524 2488 est,
571 2407 689 2474 vel
735 2408 965 2494 magis
1012 2408 1375 2495 proprium
1439 2406 1737 2493 alicujus
1795 2404 2156 2484 Ecclesiae,

137 2495 372 2562 ceteris
419 2496 938 2563 conditionibus
986 2498 1272 2583 paribus
1305 2496 1766 2577 exstantibus,
1802 2495 2001 2562 alteri
2037 2493 2160 2562 Of-

139 2582 286 2651 ficio
330 2584 730 2666 universali,
779 2585 896 2652 vel
942 2585 1177 2653 minus
1210 2586 1500 2672 proprio
1534 2583 1931 2671 praefertur,
1966 2584 2156 2669 quod

141 2694 285 2739 cum
329 2672 444 2740 illo
490 2674 821 2742 occurrit.
866 2672 1028 2742 Non
1076 2686 1308 2741 tamen
1354 2673 1889 2762 qualiscumque
1938 2684 2154 2739 atten·
2208 2740 2213 2745 .

233 2904 284 2972 1)
314 2902 399 2957 Cf.
433 2901 668 2974 Ephem.
708 2902 936 2975 Licurg.
974 2920 1070 2959 an.
1107 2918 1276 2973 1903,
1306 2909 1445 2973 pag.
1484 2917 1561 2971 24
1596 2918 1758 2973 seqq.
1785 2901 1913 2957 Etsi
1950 2902 2015 2957 in
2051 2902 2169 2957 Ru-

140 2974 300 3029 bn'cis
335 2972 491 3028 nulla
539 2972 822 3044 explicite
861 2973 1154 3030 tribuatur
1197 2973 1467 3044 praelatio
1505 2973 1678 3029 festis
1717 2973 1793 3027 ob
1850 2973 2036 3029 solam
2074 2975 2170 3030 ad·

141 3062 334 3100 nexam
369 3044 759 3112 feriationem,
796 3044 957 3100 illam
1013 3055 1215 3101 tamen
1270 3045 1518 3100 concedi
1614 3060 1756 3100 osse
1815 3045 2039 3101 eruitur
2092 3063 2169 3100 ex

142 3115 371 3170 Decreto
407 3114 624 3171 Gener.
664 3116 726 3171 S.
763 3115 838 3172 R.
873 3115 1372 3188 Congregationis
1408 3132 1444 3186 4
1482 3061 1655 3171 Feiir.
1696 3117 1853 3186 1896,
1898 3134 1955 3173 n.
2008 3118 2168 3187 3881,

147 3203 248 3257 quo
278 3187 454 3257 princi
495 3188 620 3241 ium
658 3191 943 3243 statuitur
978 3188 1199 3243 festum
1235 3187 1645 3242 Dedicationis
1695 3187 1981 3243 Ecclesiae
2038 3204 2173 3258 pro·

147 3259 276 3327 priae
309 3258 429 3314 aliis
487 3275 731 3313 ocorum
749 3259 924 3313 festis
940 3259 1235 3329 praeferri,
1253 3257 1365 3313 sed
1392 3257 1661 3313 additur:
1694 3279 1720 3307 a
1749 3258 2008 3329 permitti
2029 3258 2170 3313 nihi·

149 3328 388 3397 lominus,
423 3335 487 3385 ut
523 3328 772 3384 Patroni
807 3328 1046 3398 festum,
1084 3330 1507 3400 cujuscumque
1532 3329 1611 3385 sit
1629 3329 1962 3411 personalis
1982 3329 2169 3400 digni-

155 3401 290 3471 tatiS,
321 3402 529 3456 ratione
553 3400 914 3473 feriationiS,
938 3401 1227 3472 praedicto
1251 3399 1688 3455 Anniversario
1725 3400 2096 3469 praeferatur.
2138 3422 2164 3450 υ
