2713 4137
660 225 747 273 DE
798 224 1035 273 DIVINO
1084 224 1362 271 OFFICIO
1410 226 1480 271 IN
1526 225 1761 273 SPECIE
2152 226 2237 293 73

184 357 450 433 reapse
531 346 906 433 cujuslibet
970 348 1132 414 anni
1205 366 1563 428 excessuS,
1634 369 1852 435 quum
1923 346 2013 413 ad
2083 345 2239 413 illas

183 435 657 522 complendas
703 456 804 515 11,
854 435 967 502 vel
1021 457 1101 502 12
1151 435 1380 502 desint
1437 438 1743 515 minuta;
1796 437 1949 503 haec
1980 444 2235 511 autem,

186 524 440 611 plures
471 545 601 610 per
633 545 857 591 annos
891 536 1114 606 aucta,
1149 524 1541 610 longiorem
1577 524 1898 605 reddunt,
1936 547 2074 611 qua
2108 546 2236 611 par

182 624 326 694 est,
397 612 674 699 cyclum
749 614 1136 681 annualem.
1206 613 1477 680 Idcirco
1548 614 1969 681 imminuere
2039 612 2233 679 illum

185 703 513 789 oportuit
535 726 551 783 ;
601 703 814 789 idque
862 701 1126 770 factum
1168 713 1296 783 est,
1332 704 1618 789 auspice
1654 701 2016 788 Gregorio
2046 700 2233 769 XIII.

181 789 268 857 P.
319 790 418 858 M.
468 796 602 875 (an.
655 793 871 880 1582),
943 793 1075 859 hac
1131 793 1524 878 praestituta
1577 790 1842 879 regula,
1899 791 2091 879 quod
2145 812 2234 857 ex

171 880 398 947 annis
432 881 891 948 saecularibus
927 882 1203 948 nonnisi
1235 893 1531 969 quartus
1563 880 1747 948 foret
1781 880 2157 948 bissextilis
2187 880 2228 946 ¹.

322 991 436 1056 92.
485 968 738 1036 Annus
785 970 1033 1051 civiliS,
1085 972 1144 1037 si
1192 971 1280 1038 ad
1314 970 1523 1052 lunae,
1557 970 2005 1057 potiusquam
2039 968 2229 1049 solis,

185 1078 482 1124 cursum
531 1060 922 1146 respicitur,
979 1058 1247 1126 lunaris
1318 1072 1633 1126 vocatur.
1706 1057 1779 1124 In
1851 1078 2049 1124 more
2120 1069 2230 1123 est

180 1157 428 1213 autem
479 1147 670 1235 quod
726 1169 948 1215 annus
1004 1148 1228 1215 civilis
1284 1147 1491 1214 simul
1554 1148 1644 1214 sit
1712 1156 1780 1213 et
1853 1146 2103 1213 solaris
2158 1155 2232 1212 et

171 1234 473 1303 lunaris,
528 1235 839 1304 Ecclesia
908 1250 1143 1305 tamen
1198 1237 1285 1304 ad
1341 1236 1530 1304 lunae
1589 1256 1875 1303 cursum
1934 1234 2228 1301 attendit

176 1346 320 1411 pro
376 1325 518 1392 diei
587 1324 954 1393 Paschatis
1010 1326 1447 1413 aliorumque
1502 1326 1864 1404 festorum,
1920 1345 2083 1411 quae
2141 1325 2230 1390 ab

174 1412 304 1479 illa
350 1414 684 1500 pendent,
732 1416 1256 1483 determinanda
1304 1416 1499 1483 sede.

317 1502 501 1569 Nam
551 1501 943 1570 Concilium
988 1503 1354 1571 Nicaenum
1402 1510 1538 1590 (an.
1570 1526 1657 1591 32
1706 1508 1727 1586 )
1772 1502 2092 1569 decrevit
2134 1500 2227 1567 fe-

171 1603 373 1657 stum
422 1591 789 1659 Paschatis
825 1614 984 1659 esse
1019 1594 1512 1660 celebrandum
1545 1594 1611 1659 in
1716 1592 2034 1673 ominica,
2066 1611 2228 1677 quae

169 1681 647 1767 subsequitur
693 1681 1171 1768 plenilunium,
1233 1683 1500 1748 scilicet
1555 1682 1739 1748 diem
1794 1678 1986 1747 XIV.
2042 1679 2229 1746 lunae

165 1768 439 1848 Martii,
519 1770 938 1836 incidentem
1019 1772 1086 1837 in
1169 1771 1665 1857 aequinoctium
1752 1791 2046 1836 vernum
2116 1770 2223 1852 (21

171 1857 444 1943 Martii)
491 1859 605 1925 vel
654 1871 812 1945 post
861 1862 1114 1947 ipsum.
1162 1859 1269 1927 Ex
1323 1881 1467 1947 quo
1522 1860 1799 1926 derivat
1860 1857 2225 1924 Paschatis

163 1946 444 2013 festum
495 1969 624 2013 nec
675 1947 855 2014 ultra
903 1949 1087 2015 diem
1135 1969 1221 2037 25
1269 1948 1558 2036 Aprilis,
1610 1969 1737 2014 nec
1801 1945 1983 2013 infra
2040 1945 2225 2011 diem

161 2058 264 2104 22
311 2035 552 2103 Martii
602 2059 907 2125 unquam
959 2039 1320 2119 celebrari,
1374 2050 1582 2126 atque
1631 2038 1814 2104 intra
1886 2036 2016 2103 hos
2089 2044 2226 2100 ter-

173 2126 411 2192 minos
467 2128 840 2213 quotannis
891 2128 1142 2194 mutari
1179 2127 1332 2214 ejus
1368 2129 1607 2194 sedem
1638 2149 1653 2206 ;
1686 2135 2221 2212 consequenter,

164 2215 394 2282 etiam
446 2215 579 2280 alia
626 2214 805 2282 festa
852 2216 1156 2297 mobilia,
1212 2238 1375 2303 quae
1434 2216 1895 2283 determinata
1950 2214 2224 2280 dierum

165 2305 572 2390 quantitate
638 2327 677 2370 a
742 2303 1090 2372 Paschate
1160 2305 1442 2386 distant,
1515 2305 1778 2392 pariter
1846 2303 2222 2391 quotannis

171 2414 378 2460 suam
428 2392 671 2460 sedem
719 2405 1011 2461 mutare.

307 2481 368 2548 E
421 2492 686 2563 contra,
736 2482 806 2548 in
856 2483 1299 2569 assignandis
1347 2482 1549 2549 festis
1592 2481 1748 2548 fixis
1779 2479 2098 2548 Ecclesia
2130 2479 2221 2547 ad

165 2593 442 2638 annum
492 2571 782 2638 attendit
830 2571 1156 2652 solarem,
1192 2572 1310 2658 qui
1360 2572 1474 2639 die
1526 2570 1916 2656 1.Januarii
1950 2569 2222 2636 initium

274 2892 330 2960 1)
367 2890 568 2946 Primo
611 2908 787 2959 anno,
828 2908 944 2962 quo
983 2889 1093 2946 suit
1130 2891 1374 2946 inducta
1410 2891 1700 2946 correctio
1740 2889 2126 2961 Gregoriana,
2154 2889 2231 2942 ad

157 2977 393 3016 annum
433 2961 708 3028 solarem,
747 2963 846 3032 qui
879 2963 1005 3033 jam
1044 2961 1328 3032 prolixior
1365 2962 1559 3017 factus
1596 2962 1807 3029 fuerat,
1840 2961 2038 3032 justos
2075 2960 2233 3014 intra

163 3031 390 3088 limites
428 3033 880 3099 restituendum,
924 3034 1128 3088 decem
1170 3034 1244 3087 ab
1283 3051 1354 3087 eo
1385 3033 1610 3103 dempti
1637 3039 1777 3087 sunt
1808 3032 1953 3100 dieS‚
1980 3048 2088 3101 pro
2114 3046 2234 3085 una

160 3103 303 3158 vice
341 3112 597 3158 tantum.
632 3103 732 3158 Ad
769 3105 880 3158 hoc
919 3113 1122 3159 tamen
1162 3105 1406 3158 minime
1445 3104 1757 3158 attendere
1785 3103 2101 3157 voluerunt
2126 3102 2233 3156 Ec-

168 3174 376 3230 clesiae
415 3175 690 3230 Russicae
732 3176 1023 3243 asseclae3
1064 3192 1248 3246 quare
1304 3176 1404 3246 qui
1458 3174 1617 3230 illius
1673 3174 1913 3244 Imperii
1970 3173 2232 3228 dominio

167 3246 445 3314 subsunt,
486 3263 721 3300 necnon
757 3245 952 3301 Graeci
991 3246 1370 3314 schismatici,
1408 3245 1763 3300 Calendario
1780 3245 2016 3316 Juliano
2043 3243 2233 3299 adhuc

162 3325 434 3441 gtuntur,
475 3317 642 3388 cujus
682 3317 1020 3372 differentia
1057 3333 1092 3373 a
1128 3316 1499 3388 Gregoriano
1544 3317 1722 3372 hodie
1770 3316 2060 3371 tredecim
2108 3315 2235 3386 jam

211 3387 405 3442 ierum
442 3395 554 3443 est.
