2713 4137
480 155 569 242 56
748 177 836 222 DE
882 175 1395 224 RELATIONIBUS
1445 178 1532 224 OF
1538 178 1873 224 FICIORUM
1919 178 2127 224 INTER
2177 179 2253 224 SE

613 298 722 382 67
771 296 851 365 Si
889 295 1223 363 Officium
1258 318 1641 364 occurrens
1674 309 1743 363 et
1776 296 2170 384 praevalens
2204 308 2313 365 est
2346 299 2527 365 ritus

485 318 803 470 Dupl7icis
851 384 930 452 ΙΙ.
980 385 1246 464 classiS,
1297 385 1585 453 alterius
1642 384 1880 453 Officii
1945 387 2223 487 pariter·
2277 409 2529 454 occur-

485 475 721 554 rentis,
769 475 895 540 sed
966 496 1105 540 non
1181 474 1688 556 transscribiliS,
1762 475 1819 541 si
1891 475 2100 562 hujus
2170 477 2344 543 ritus
2419 487 2529 543 est

486 527 824 648 Simplex,
873 563 951 629 fit
995 563 1149 649 ejus
1198 564 1776 630 commemoratio
1840 565 1910 630 in
1960 563 2317 632 Laudibus
2378 576 2525 631 tan·

488 661 632 717 tum
687 651 704 683 ¹
733 675 750 732 ;
801 652 858 718 si
908 653 1081 718 ritus
1129 663 1238 718 est
1299 651 1600 738 Duplex,
1650 653 1764 720 vel
1825 652 2303 753 Semiduplex,
2369 655 2532 720 sim-

489 739 852 826 plificatur,
901 739 1194 828 ejusque
1241 740 1317 806 fit
1351 763 1783 808 commemor
1786 743 1925 808 atio
1958 752 2029 808 et
2058 744 2127 808 in
2162 741 2530 809 Laudibus

487 839 554 894 et
603 828 672 895 in
724 830 1038 916 utrisque
1094 828 1453 916 Vesperis

617 916 880 1004 Excipe
930 917 1261 985 Officium
1314 919 1450 985 diei
1485 918 1669 984 infra
1704 929 2021 986 octavam
2057 941 2528 1001 communem,

487 1005 577 1072 de
624 1028 766 1093 quo
813 1006 982 1073 nihil
1029 1007 1104 1073 fit
1152 1018 1570 1075 occurrente
1643 1006 1900 1074 Officio
1966 1009 2141 1075 ritus
2204 1007 2529 1095 Duplicis

485 1093 568 1162 ΙΙ.
617 1095 883 1162 classiS.
935 1095 1143 1164 Unde
1189 1097 1260 1161 in
1309 1095 1493 1163 festo
1541 1095 1978 1162 Visitationis
2025 1096 2105 1163 Β.
2138 1097 2385 1164 Mariae
2438 1097 2527 1164 V.

489 1185 680 1269 quod
728 1185 962 1269 agitur
1005 1185 1118 1251 die
1163 1207 1206 1251 2
1247 1183 1429 1268 Julii,
1480 1187 1610 1251 sub
1647 1185 1781 1251 ritu
1828 1184 1942 1251 Du
1948 1186 2104 1272 plici
2137 1185 2219 1252 II.
2255 1186 2526 1267 classis,

489 1273 676 1339 nulla
709 1274 1285 1340 commemoratio
1313 1273 1387 1340 fit
1422 1274 1509 1340 de
1538 1275 1652 1341 die
1674 1273 1855 1340 infra
1882 1287 2201 1341 octavam
2236 1273 2374 1343 SS.
2400 1275 2537 1342 Pe-

489 1363 576 1428 tri
615 1383 654 1427 e
717 1361 912 1428 Pauli
959 1361 1489 1449 Apostolorum.

620 1448 846 1516 Etiam
896 1449 1289 1518 Dominicae
1364 1450 1826 1538 privilegiatae
1896 1449 1981 1518 II.-
2039 1452 2306 1532 classiS,
2361 1474 2528 1539 quae

491 1527 739 1605 omnes
788 1551 948 1604 sunt
997 1540 1170 1606 ritus
1211 1539 1737 1639 ‘Semiduplicis,
1800 1562 2281 1628 quascumque
2345 1563 2529 1607 com-

488 1629 1034 1704 memorationes
1083 1629 1447 1715 recipiunt.

497 1783 502 1789 .
620 1717 729 1782 68.
779 1715 859 1784 Si
923 1716 1256 1784 Officium
1335 1739 1717 1783 occurrens
1798 1730 1866 1783 et
1941 1717 2341 1803 praevalens
2420 1728 2532 1784 est

492 1805 666 1890 ritus
713 1804 1029 1892 Duplicis
1079 1805 1387 1892 majoris,
1459 1806 1574 1872 vel
1650 1805 1856 1885 infra,
1928 1807 2214 1872 alterius
2287 1805 2530 1873 Officii

489 1893 842 1961 inferioris
905 1895 1172 1980 pariter
1241 1895 1701 1972 occurrentiS,
1768 1895 1893 1960 sed
1960 1917 2099 1960 non
2165 1894 2531 1962 transferi-

491 1982 668 2064 bilis,
718 1984 868 2049 sive
916 1982 1234 2071 Simplex
1283 1985 1390 2064 sit,
1440 1984 1590 2048 sive
1641 1983 2169 2068 simplificatum,
2215 1983 2291 2049 fit
2339 2005 2533 2050 com-

489 2074 902 2139 memoratio
949 2085 1096 2139 tum
1145 2074 1214 2138 in
1265 2072 1624 2139 Laudibus
1671 2084 1814 2137 tum
1882 2074 1951 2137 in
2015 2071 2358 2159 Vesperis
2386 2096 2401 2151 ;
2460 2084 2530 2140 et

489 2161 796 2248 quidem,
825 2162 882 2227 si
909 2160 1228 2247 Simplex
1253 2173 1381 2243 est,
1410 2162 1476 2227 in
1506 2161 1749 2247 primis
1775 2160 2113 2247 Vesperis
2146 2173 2434 2243 tantum,
2470 2163 2531 2228 si

491 2261 599 2317 est
624 2250 1156 2336 simplificatum,
1174 2251 1240 2317 in
1267 2252 1581 2335 utrisque
1596 2251 2169 2317 commemoratio
2196 2252 2465 2317 obtinet
2484 2250 2529 2317 ².

497 2408 500 2413 ,
621 2339 731 2424 69.
783 2337 1086 2421 Quando
1135 2339 1334 2426 plura
1383 2338 1639 2405 Officia
1690 2338 1894 2405 simul
1928 2350 2325 2419 occurrunt,
2362 2361 2531 2426 quo-

491 2449 646 2494 rum
693 2426 1013 2493 facienda
1062 2439 1169 2494 est
1217 2428 1811 2506 commemorati0‚
1885 2428 2037 2493 haec
2108 2428 2256 2494 fieri
2312 2392 2531 2497 'debet

484 2514 681 2601 juxta
751 2527 1161 2603 sequentem
1211 2516 1583 2582 ordinem:
1637 2518 1703 2582 1⁰
1753 2517 1839 2582 de
1888 2515 2260 2583 Dominica
2315 2516 2529 2603 privi-

492 2602 791 2691 legiata;
840 2606 914 2671 2⁰
963 2605 1052 2671 de
1102 2606 1216 2672 die
1280 2616 1579 2685 octava;
1627 2607 1701 2692 3⁰
1770 2605 1860 2671 de
1930 2604 2208 2692 Duplici
2257 2604 2530 2701 majore

598 2763 646 2829 1)
687 2760 1184 2815 Commemoratio
1223 2760 1522 2831 Simplicis
1578 2763 1735 2815 facta
1774 2761 1846 2815 ad
1902 2762 2139 2816 Laudes
2190 2767 2438 2830 tantum,
2476 2762 2541 2815 in

487 2826 700 2886 Officio
739 2833 886 2887 ritus
923 2832 1190 2901 Dupllcis
1232 2831 1302 2886 II.
1342 2832 1571 2898 classis,
1612 2833 1839 2887 obtinet
1878 2833 2056 2886 etiam
2094 2834 2157 2886 in
2187 2832 2392 2887 Missis
2429 2833 2542 2902 pri-

483 2904 656 2972 vatis,
696 2920 830 2972 quae
870 2904 1026 2958 dicto
1067 2902 1273 2957 Officio
1335 2873 1721 2973 respon’dent,
1788 2919 1906 2971 non
1966 2909 2164 2957 autem
2226 2904 2290 2957 in
2351 2904 2540 2959 Missa

487 2973 754 3044 solemni.
793 2973 878 3028 Cf
918 2974 1143 3055 Liturg.
1169 2973 1373 3029 Missae
1410 2992 1465 3029 n.
1500 2975 1591 3030 66.

505 3052 513 3060 '
589 3046 648 3115 2)
685 3044 971 3099 Attamen
1009 3044 1228 3099 testum
1277 3045 1428 3100 ritus
1481 3045 1765 3127 Duplicis,
1820 3044 1919 3099 vel
1980 3044 2413 3113 Semiduplicis,
2470 3062 2537 3099 ac

489 3114 628 3188 dein
654 3122 917 3187 perpetuo
955 3115 1411 3199 simplificatum,
1452 3133 1509 3171 v.
1546 3135 1604 3187 g.
1643 3117 1780 3186 quia
1816 3116 1947 3185 ejus
1985 3116 2335 3185 repositioni
2371 3116 2537 3170 locus

483 3181 784 3256 nunquam
823 3186 1086 3255 suppetit
1139 3187 1202 3239 in
1263 3186 1518 3241 decursu
1576 3188 1735 3254 anni,
1792 3186 2157 3241 considerari
2217 3186 2397 3239 debet
2454 3186 2539 3240 uti

481 3256 767 3329 Simplex;
806 3274 988 3326 quare
1027 3257 1306 3312 secundis
1366 3257 1653 3326 Vesperis
1714 3258 1953 3313 carebit.
2012 3258 2073 3313 S.
2116 3256 2189 3311 R.
2226 3256 2290 3312 C.
2327 3273 2361 3328 7
2399 3258 2543 3314 Dec.

489 3344 668 3399 1900,
685 3345 776 3399 ap.
817 3328 1056 3401 Ephem.
1097 3328 1321 3401 Liturg.
1360 3346 1455 3385 an.
1495 3345 1661 3399 1901.
1694 3336 1831 3400 pag.
1872 3329 1961 3396 65.
