2713 4137
539 210 664 275 144

1337 506 1783 577 ΑΡΡΕΝΠΙΧ.

899 712 1024 790 De
1085 694 1728 813 Martyrol'ogio
1785 712 2204 791 Romano

663 979 808 1045 192.
859 957 1475 1041 Quemadmodum
1524 958 1703 1026 liber
1742 957 1877 1039 ille,
1914 958 2037 1045 qui
2088 956 2573 1026 Coeremom'ale

524 1046 1013 1135 Episcoporum
1073 1048 1498 1125 inscribitur,
1557 1059 1914 1134 tamquam
1972 1045 2571 1133 complementum

524 1135 823 1203 habetur
866 1136 1172 1203 Missalis
1203 1135 1526 1217 Romani,
1559 1157 1776 1223 quum
1820 1136 1909 1203 ad
1958 1135 2167 1223 hujus
2213 1134 2568 1205 Rubricas

521 1223 972 1312 explicandas
1018 1224 1432 1311 Liturgistae
1511 1246 1703 1311 saepe
1772 1226 1863 1292 ad
1931 1223 2125 1292 illum
2197 1246 2569 1293 recursum

519 1312 793 1395 faciant,
844 1315 938 1381 ita
983 1325 1339 1402 tamquam
1390 1313 1981 1401 complementum
2046 1323 2117 1380 et
2162 1313 2387 1380 veluti
2454 1336 2569 1401 ap-

518 1403 774 1489 pendix
820 1401 1164 1469 Breviarii
1239 1402 1544 1470 Romani
1614 1402 1794 1471 h'ber
1861 1400 1975 1471 ille
2046 1402 2374 1483 habetur,
2450 1405 2564 1491 qui

517 1490 1102 1581 Martyrologium
1148 1492 1546 1559 Romanum
1594 1503 1911 1575 vocatur,
1960 1503 2031 1559 et
2094 1492 2183 1558 de
2246 1510 2398 1580 quo
2448 1494 2567 1561 ali-

513 1580 680 1668 quid
732 1582 845 1648 hic
896 1581 1270 1649 innuimus,

478 1741 483 1746 ,
655 1692 801 1758 193.
828 1669 982 1755 Jam
1032 1692 1254 1756 penes
1287 1670 1482 1755 ipsos
1516 1668 1847 1757 Paganos
1882 1690 2039 1737 mos
2068 1680 2224 1737 erat
2257 1668 2558 1737 heroum

513 1780 801 1825 suorum
849 1759 1134 1825 nomina
1178 1760 1249 1825 in
1294 1758 1495 1827 fastis
1541 1759 1952 1839 inscribere,
2004 1780 2095 1827 ne
2152 1776 2391 1825 rerum
2448 1780 2563 1847 ge-

511 1859 799 1929 starum,
848 1869 1011 1935 quae
1059 1847 1220 1914 illos
1269 1846 1501 1915 claros
1553 1848 2032 1931 reddiderunt,
2065 1848 2415 1915 memoria
2462 1848 2561 1916 fa-

509 1937 639 2003 cile
688 1947 971 2022 periret.

635 2024 843 2095 Hunc
894 2046 1164 2094 morem
1198 2036 1442 2095 secuta
1475 2036 1585 2094 est
1626 2024 1963 2108 Ecclesia,
1996 2046 2181 2115 quae,
2218 2048 2259 2094 a
2306 2027 2557 2114 primis

2623 23 2711 179 ῚΙ

499 2116 647 2204 jam
698 2114 1005 2196 saeculiS,
1054 2136 1182 2202 per
1230 2114 1553 2202 publicos
1608 2117 1923 2184 notarios
1971 2137 2012 2182 a
2068 2135 2144 2181 se
2216 2114 2554 2196 delectOS,
2608 2131 2615 2138 ·
2707 2141 2708 2151 ¹

507 2227 793 2272 suorum
862 2204 1261 2304 Martyrum
1331 2215 1489 2271 acta
1556 2205 1834 2292 scriptis
1884 2203 2373 2290 consignabat,
2446 2227 2561 2272 eo-

506 2315 801 2381 rumque
851 2315 1135 2360 nomina
1182 2294 1251 2360 in
1300 2293 1522 2360 sacris
1570 2293 2019 2362 describebat
2052 2291 2435 2385 diptychis,
2484 2309 2557 2359 ut

507 2405 699 2470 saepe
746 2383 815 2448 in
864 2382 1121 2449 divinis
1171 2380 1445 2450 Officiis
1541 2382 1771 2450 ublice
1816 2381 2250 2470 legerentur.
2404 2419 2413 2428 ·

637 2470 818 2539 Hinc
866 2482 1098 2537 ortum
1146 2472 1390 2539 habuit
1434 2470 1482 2536 il
1510 2493 1550 2539 e
1599 2470 1984 2557 catalogus,
2034 2491 2159 2538 seu
2209 2470 2553 2539 elenchus

501 2559 618 2627 Ss.
650 2559 1066 2645 Martyrum,
1101 2561 1210 2627 cui
1247 2582 1502 2626 nomen
1538 2572 1648 2628 est
1672 2557 2277 2648 Martyrologium,
2314 2582 2551 2640 quam·

503 2650 631 2730 viS,
679 2650 1021 2736 temporis
1091 2649 1420 2730 decursu,
1470 2651 1677 2716 etiam
1741 2648 2038 2718 aliorum
2096 2647 2547 2728 Sanctorum,

501 2739 618 2825 qui
652 2739 997 2837 martyrio
1031 2738 1316 2805 minime
1350 2741 1858 2819 occubuerunt,
1891 2737 2174 2806 nomina
2206 2736 2547 2827 inscripta

499 2828 566 2893 in
617 2849 706 2894 eo
752 2826 1037 2894 fuerint.

630 2913 703 2982 In
754 2915 888 2982 hoc
936 2916 955 2983 i
1014 2916 1154 2982 itur
1201 2916 1385 2984 libro
1446 2914 1876 2985 Sanctorum
1940 2916 2539 2995 canonizatorum,

497 3025 631 3070 non
680 3015 916 3071 autem
1027 3017 1370 3085 eatorum,
1422 3004 1705 3072 nomina
1754 3003 2105 3091 leguntur,
2156 3004 2423 3088 addito,
2470 3015 2541 3071 ut

495 3091 891 3178 plurimum,
943 3095 1142 3160 brevi
1191 3095 1262 3161 in
1312 3092 1868 3182 uniuscujusque
1929 3092 2215 3164 laudem
2279 3093 2537 3187 elogi0,

493 3193 565 3246 et
610 3182 705 3248 ita
751 3182 1114 3268 disposita,
1163 3193 1240 3249 ut
1288 3181 1733 3269 singulorum
1779 3181 2205 3252 Sanctorum
2272 3205 2537 3252 memo-

494 3271 595 3336 ria
644 3270 790 3337 suis
837 3293 966 3358 per
1037 3293 1294 3339 annum
1366 3272 1672 3358 propriis
1739 3269 1941 3341 festis
1992 3271 2245 3343 diebus
2302 3293 2535 3348 recen-

491 3369 749 3426 seatur.
