2713 4137
407 215 490 260 DE
535 215 1042 264 RELATIONIBUS
1090 215 1524 264 OFFICIORUM
1570 219 1777 264 INTER
1824 219 1903 264 SE
2086 220 2172 285 47

109 335 450 402 lendario
521 336 900 403 universali
977 358 1315 404 occursus
1386 337 1687 404 habetur
1744 348 2178 418 soctavarum

116 424 226 493 S.
261 424 538 510 Joannis
606 423 946 512 Baptistae
1017 437 1087 492 et
1157 425 1292 494 SS.
1365 425 1554 492 Petri
1628 438 1697 492 et
1746 425 1939 494 Pauli
1990 427 2175 514 Ap.;

115 514 307 580 item
352 512 427 582 S.
472 513 831 581 Laurentii
882 526 952 580 et
997 514 1526 601 Assumptionis
1590 512 1671 581 B.
1720 515 1965 594 Mariae
2014 515 2102 582 V.

267 601 590 688 Jamvero
619 624 749 690 pro
775 605 1044 676 octavis
1071 603 1278 670 simul
1302 605 1836 670 occurrentibus
1863 605 2019 672 haec
2046 617 2174 672 sta-

119 691 354 758 tuitur
385 692 630 779 regula
658 717 674 759 :
713 689 876 776 Quo
895 691 1056 778 jure
1082 692 1288 758 unius
1320 691 1483 758 festi
1520 690 1876 770 Officium,
1914 691 2177 760 Officio

117 779 302 846 festi
326 781 612 848 alterius
638 779 1036 868 praefertur,
1071 781 1326 848 eodem
1341 779 1509 866 jure
1536 778 1871 848 Officium
1897 794 2173 850 octavae

121 870 352 954 priori
421 868 605 936 festo
677 870 988 950 adnexae,
1057 868 1317 936 Officio
1374 881 1647 935 octavae
1719 869 1879 936 festi
1950 880 2177 958 poste-

125 958 342 1024 rioris
369 959 678 1044 propriae
709 969 820 1024 est
852 957 1382 1044 praeferendum
1408 980 1425 1037 ;
1453 970 1523 1024 et
1559 959 1905 1046 siquidem
1931 959 2179 1026 utrius-

125 1068 277 1132 que
322 1059 595 1114 octavae
642 1047 794 1114 sola
825 1045 944 1114 fiat
978 1048 1581 1130 commemoratio,
1616 1048 1773 1115 haec
1805 1048 1893 1114 de
1929 1058 2178 1115 octava

127 1134 253 1201 illa
299 1137 492 1222 prius
541 1134 638 1215 fit,
686 1135 888 1222 cujus
937 1134 1268 1202 Officium
1326 1136 1810 1223 praelationem
1859 1137 2175 1205 haberet.

124 1223 576 1311 Exemplum:
608 1223 719 1293 Sit
751 1223 829 1292 S.
855 1223 1223 1304 EusebiuS,
1258 1224 1462 1311 cujus
1506 1224 1765 1292 festum
1796 1227 2032 1314 agitur
2063 1225 2176 1294 die

131 1334 220 1399 14
266 1313 601 1401 Augusti,
648 1313 984 1381 Titularis
1054 1314 1423 1400 cujusdam
1471 1313 1831 1396 Ecclesiae,
1904 1315 1974 1381 in
2037 1337 2176 1403 qua

129 1402 349 1489 igitur
394 1425 556 1468 cum
605 1414 854 1469 octava
903 1401 1317 1469 celebratur.
1367 1401 1504 1470 Die
1567 1403 1647 1470 16
1696 1404 2177 1491 subsequenti,

127 1491 204 1556 in
256 1489 517 1558 Officio
575 1492 996 1572 occurrenti,
1057 1491 1380 1559 facienda
1428 1505 1538 1559 est
1602 1492 2177 1560 commemoratio

129 1579 328 1666 prius
375 1593 652 1647 octavae
697 1579 1227 1668 Assumptionis
1275 1578 1354 1648 B.
1406 1580 1501 1648 M.
1548 1580 1657 1662 V.,
1692 1581 1853 1648 dein
1902 1592 2175 1648 octavae

129 1667 212 1737 S.
257 1668 573 1750 Eusebii,
623 1670 832 1736 tertio
881 1681 1153 1736 octavae
1187 1668 1266 1737 S.
1299 1668 1680 1736 Laurentii.
1712 1669 1894 1737 Nam
1928 1682 2177 1737 octava

131 1757 664 1844 Assumptionis
727 1757 1102 1845 praefertur
1171 1759 1453 1840 ceteris,
1531 1759 1799 1826 ratione
1876 1758 2176 1846 insignis

134 1845 546 1932 dignitatis;
626 1857 872 1914 octava
943 1844 1022 1913 S.
1091 1845 1377 1914 Eusebii
1451 1847 1828 1935 praefertur
1904 1859 2176 1914 octavae

133 1933 208 2004 S.
255 1935 642 2016 Laurentii,
692 1936 854 2023 quia
919 1936 1148 2021 magis
1195 1936 1503 2023 propria.
1578 1933 1791 2020 Quod
1862 1936 1919 2002 si
1990 1936 2176 2003 dicta

133 2024 286 2093 dies
326 2026 408 2093 16
437 2024 660 2093 libera
693 2036 882 2093 esset
915 2046 955 2092 a
988 2024 1241 2113 quovis
1276 2023 1558 2105 Officio,
1592 2026 1662 2093 in
1698 2046 1782 2093 ea
1814 2025 2176 2113 persolve-

134 2126 330 2181 retur
376 2113 710 2181 Officium
758 2115 847 2181 de
895 2125 1146 2181 octava
1192 2112 1747 2202 AssumptioniS,
1781 2137 1941 2181 cum
1989 2136 2178 2181 com-

133 2203 642 2271 memoratione
691 2215 1098 2270 octavarum
1131 2201 1212 2272 S.
1259 2202 1541 2270 Eusebii
1578 2215 1649 2271 et
1679 2201 1759 2271 S.
1792 2202 2173 2271 Laurentii.

962 2454 1239 2525 CAPUT
1286 2455 1366 2525 11.

421 2614 554 2691 De
610 2608 1254 2692 Translatione
1311 2605 1864 2688 officiorum.

268 2822 378 2910 56.
431 2819 825 2887 Trans-latio
871 2834 1022 2889 est:
1070 2820 1309 2889 Officii
1355 2820 1618 2886 amotio
1665 2841 1706 2885 a
1741 2820 1855 2886 die
1889 2820 2173 2908 propria

141 2913 206 2978 in
249 2911 452 2979 aliam
501 2910 688 2977 diem
734 2932 872 2977 non
923 2912 1302 2999 propriam,
1350 2910 1445 2977 ob
1479 2908 2057 2996 impedimentum
2102 2910 2171 2975 in

146 3000 252 3069 illa
298 3020 708 3067 occurrenS.

271 3087 627 3173 Quoniam
676 3110 848 3155 vero
924 3088 1519 3176 impedimentum,
1600 3086 1717 3153 vel
1777 3086 2169 3174 quotanniS,

146 3178 254 3245 vel
296 3177 527 3266 aliqua
573 3188 842 3244 tantum
890 3178 1066 3258 vice,
1117 3178 1384 3245 scilicet
1416 3198 1544 3265 per
1576 3196 1924 3242 annorum
1972 3175 2173 3241 inter-

148 3265 337 3348 valla,
369 3288 750 3333 occurrere
783 3277 1032 3354 potest,
1066 3266 1227 3334 ideo
1252 3265 1617 3333 translatio
1642 3263 1903 3353 duplex
1924 3263 2171 3331 distin-

149 3356 388 3444 guitur,
424 3361 758 3443 perpetua
804 3376 1058 3443 nempe
1106 3366 1176 3423 et
1221 3352 1683 3451 accidentalis.
1850 3446 1876 3453 ἦ
