2713 4137
613 224 702 269 DE
749 223 947 270 mono
995 196 1374 271 REciTANDI
1423 223 1755 271 ormcmm
2087 223 2212 291 133

158 342 448 410 decima
527 346 1012 426 solvebantur,
1089 366 1222 413 seu
1283 345 1567 413 labente
1647 344 1783 427 die,
1862 367 1901 411 a
1982 345 2215 413 sidere

153 433 354 519 quod
415 432 669 519 Vesper
715 446 1029 516 vocatur,
1085 445 1156 500 et
1229 434 1377 501 sole
1458 433 1823 502 occidente
1894 444 2208 521 apparet,

160 543 424 588 nomen
477 533 884 589 mutuantur
935 524 977 590 ¹.
1025 522 1489 591 Habebantur
1534 522 1879 611 Vesperae
1940 523 2213 590 eaedem

155 622 522 697 tamquam
566 612 840 678 initium
867 610 1104 679 Officii
1134 613 1480 691 nocturni,
1507 623 1579 679 et
1607 612 1765 679 hinc
1813 611 1996 679 forte
2028 613 2206 679 ratio

164 700 544 767 deducitur
589 700 968 789 incipiendi
1017 701 1204 768 diem
1261 701 1667 789 liturgicum
1714 724 1753 767 a
1799 700 2165 789 Vesperis.

305 790 457 876 176.
505 788 674 856 Inde
723 811 896 856 vero
944 790 1153 857 etiam
1203 790 1439 878 quoad
1489 789 1659 857 alias
1710 786 1947 857 Officii
1995 790 2211 857 divini

161 889 407 964 partes
462 877 724 946 factum
779 890 888 946 est
943 890 1016 945 ut
1071 902 1212 946 non
1267 880 1589 966 ampliuS,
1647 900 1776 946 ceu
1832 878 1995 945 olim
2044 899 2215 946 usus

163 977 340 1047 erat,
392 967 715 1034 indicatis
765 967 961 1035 horis
1008 968 1567 1036 absolverentur.
1621 967 1856 1051 Quum
1900 969 2105 1049 enim,
2141 978 2219 1034 ut

165 1054 670 1123 animadvertit
745 1054 1171 1123 Benedictus
1247 1056 1440 1125 XIV.
1510 1057 1554 1139 ⁸,
1635 1058 1882 1144 regula
1960 1066 2217 1123 statuta

163 1144 402 1217 fuerit.
466 1145 537 1211 in
599 1146 820 1212 choro
885 1147 1256 1227 servanda,
1321 1146 1746 1227 celebrandi,
1810 1145 2055 1213 saltem
2114 1145 2218 1235 je-

156 1234 519 1320 juniorum
569 1234 840 1314 diebuS,
873 1234 1164 1301 Missam
1199 1235 1763 1303 Conventualem
1816 1244 1977 1321 post
2022 1236 2221 1302 abso-

164 1322 383 1389 lutam
420 1320 656 1389 Officii
699 1322 970 1391 Horam
1012 1322 1310 1405 Nonam,
1348 1324 1508 1391 hinc
1542 1344 1697 1390 mos
1728 1322 1860 1390 fuit
1889 1324 2217 1391 inductus

169 1410 464 1479 Sextam
526 1422 596 1477 et
654 1410 932 1477 Nonam
983 1413 1319 1480 recitandi
1386 1424 1546 1479 ante
1610 1412 1998 1494 meridiem,
2056 1434 2217 1499 qua-

170 1522 479 1587 cumque
529 1501 663 1581 die,
697 1512 765 1567 et
814 1512 1337 1589 consequenter
1369 1502 1458 1569 ad
1493 1503 1761 1582 horam,
1797 1522 1958 1588 quae
1989 1500 2216 1569 Nonae

173 1590 538 1675 assignata
571 1588 738 1655 olim
772 1602 952 1670 erat,
978 1590 1300 1657 trahendi
1335 1590 1695 1678 Vesperas
1728 1600 1797 1657 et
1830 1591 1919 1657 ad
1970 1591 2217 1657 horam

169 1676 652 1763 Vesperarum
702 1678 1026 1746 trahendi
1075 1678 1655 1767 Completorium.

300 1766 634 1848 Demum,
683 1765 1298 1854 Quadragesimali
1347 1779 1685 1856 tempore,
1738 1779 1807 1834 et
1840 1768 2139 1856 praecise
2176 1790 2218 1834 a

169 1854 516 1942 Vesperis
563 1878 726 1943 quae
775 1856 1102 1923 dicuntur
1146 1856 1216 1923 in
1276 1856 1594 1926 Sabbato
1667 1867 1827 1924 ante
1896 1856 2225 1924 Domini-'

169 1966 323 2010 cam
384 1943 426 2010 l.
479 1942 1085 2031 Quadragesimae,
1135 1946 1346 2012 etiam
1378 1945 1724 2034 Vesperae
1758 1946 2222 2013 absolvuntur

168 2045 334 2100 ante
386 2033 776 2102 meridiem.
823 2032 1004 2101 Nam
1039 2034 1206 2102 olim
1241 2034 1445 2103 nefas·
1478 2047 1630 2103 erat
1652 2035 1998 2124 jejunium
2034 2032 2221 2118 Qua-

169 2123 670 2208 dragesimale,
705 2123 838 2189 nisi
886 2136 1045 2209 post
1076 2123 1453 2212 VesperaS,
1489 2147 1616 2192 seu
1648 2147 1870 2212 prope
1904 2123 2075 2192 solis
2106 2145 2222 2190 oc-

165 2231 438 2292 casum,
487 2214 788 2279 solvere.
838 2210 1077 2295 Quum
1126 2226 1381 2296 autem,
1428 2236 1816 2302 progressu
1851 2213 2218 2301 temporiS,

167 2300 615 2368 consuetudo
649 2300 1023 2368 invaluerit
1057 2301 1513 2370 refectionem
1549 2303 1869 2370 sumendi
1904 2301 2221 2383 meridie,

168 2389 360 2470 ideo,
408 2389 497 2456 ad
548 2390 931 2476 vestigium
981 2393 1408 2460 servandum
1457 2393 1767 2480 antiquae
1804 2391 2217 2479 disciplinae,

167 2487 512 2544 statutum
561 2491 669 2545 est
715 2491 790 2545 ut
841 2478 1182 2566 Vesperae
1215 2492 1379 2549 ante
1412 2483 1869 2548 meridianam
1906 2479 2223 2546 refectio-

166 2589 338 2633 nem
389 2568 875 2635 recitarentur.
930 2568 1030 2636 At
1101 2571 1435 2657 quoniam
1504 2569 1896 2637 Dominicis
1969 2567 2223 2636 diebus

161 2655 512 2742 jejunium
560 2657 846 2725 minime
895 2670 1004 2724 est
1053 2660 1469 2741 servanduS,
1516 2660 1679 2727 ideo
1728 2660 1795 2726 in
1852 2658 1963 2725 his
2036 2656 2225 2723 nulla

165 2744 249 2812 fit
296 2742 782 2832 Vesperarum
834 2746 1254 2833 anticipatio.

315 2855 464 2921 177.
533 2835 897 2903 Hodierna
963 2837 1179 2922 igitur
1255 2836 1655 2924 disciplina,
1738 2837 1951 2902 horas
2031 2833 2225 2920 quod

168 2934 468 3010 spectat,
518 2924 862 2991 recitandi
911 2924 1234 2992 diversas
1283 2925 1519 2994 Officii
1570 2936 1827 3014 parteS,
1864 2924 2020 2990 haec
2068 2933 2218 2988 est:

316 3031 373 3077 1.
408 3011 494 3079 In
526 3013 760 3081 choro:
791 3013 1211 3081 Matutinum
1250 3014 1624 3082 dicendum
1660 3023 1769 3081 est
1805 3009 2011 3078 simul
2065 3031 2222 3076 cum

171 3098 559 3182 Laudibus,
593 3101 1030 3190 regulariter,
1065 3103 1179 3170 vel
1211 3114 1444 3185 noctu,
1496 3103 1609 3170 vel
1642 3123 1868 3168 mane.
1900 3099 2223 3167 Dicimus

272 3241 329 3310 1)
367 3240 534 3296 Hora
568 3241 976 3313 Vesperarum
1020 3245 1352 3300 vocabatur
1396 3244 1574 3314 etiarn
1634 3243 2037 3311 lucernarium,
2079 3240 2233 3311 quia,

162 3312 435 3367 tenebris
466 3313 590 3382 jam
627 3313 1127 3383 incumbentibus,
1165 3316 1391 3371 lumina
1428 3314 1927 3370 accendebantur.

268 3385 330 3452 2)
369 3387 762 3442 Benedictus
801 3389 971 3444 XIV.
1012 3387 1198 3442 Instit.
1243 3384 1438 3442 CVII.
1474 3389 1535 3454 §-
1564 3401 1621 3454 4.
