2713 4137
521 205 603 272 18
679 223 766 270 DE
814 222 899 268 ns
948 222 1106 279 QUAE
1154 223 1368 270 MissAE
1418 223 1704 270 CELEBR.
1739 223 2407 281 PRAEREQmRuNTUR

511 346 808 425 nedicta‚
872 344 987 410 vel
1049 344 1255 410 etiam
1307 342 1720 410 solemniter
1780 358 2212 426 consecrata,
2268 347 2567 432 januam

513 438 775 503 habent
823 435 890 499 in
943 434 1075 510 via,
1125 433 1240 499 vel
1286 433 1585 499 liberum
1634 455 1675 498 a
1722 433 2003 520 publica
2050 436 2165 500 via
2226 435 2565 505 fidelibus

514 525 897 592 universim
947 522 1265 608 pandunt
1312 523 1739 608 ingressum.

646 609 1097 698 Semipublz'ca
1145 633 1229 677 ea
1277 625 1436 676 sunt
1484 633 1665 698 quae,
1717 612 1847 676 etsi
1895 611 1961 676 in
2010 611 2167 678 loco
2216 614 2567 699 quodam-

512 704 725 771 modo
775 701 1069 788 privato,
1118 699 1232 766 vel
1279 721 1419 767 non
1456 701 1771 767 absolute
1805 700 2105 786 publico,
2140 704 2566 773 auctoritate

512 791 874 860 Ordinarii
924 799 1160 855 erecta
1207 789 1365 868 sint,
1412 789 1782 855 commodo
1808 803 2041 856 tamen
2078 812 2217 856 non
2247 790 2565 860 fidelium

512 881 840 959 omnium,
891 898 1020 945 nec
1077 878 1373 964 privatae
1430 888 1696 943 tantum
1734 899 2058 964 personae
2094 889 2213 944 aut
2245 881 2560 964 familiae,

514 971 639 1036 sed
688 967 979 1054 alicujus
1036 967 1555 1032 communitatis
1619 967 1733 1032 vel
1798 988 2260 1053 personarum
2328 983 2563 1038 coetus

509 1058 919 1125 inserviunt.
968 1053 1199 1142 Hujus
1246 1056 1533 1140 generis
1597 1067 1757 1121 sunt
1820 1077 1982 1142 quae
2045 1058 2406 1143 pertinent
2470 1061 2561 1127 ad

511 1146 907 1216 Seminaria
960 1156 1031 1210 et
1063 1142 1385 1229 Colle-gia
1417 1142 1887 1210 ecclesiastica
1914 1167 1929 1224 ;
1965 1145 2053 1211 ad
2087 1146 2199 1232 pia
2230 1145 2562 1216 Instituta

515 1249 584 1302 et
645 1235 1040 1304 Societates
1096 1244 1422 1298 votorum
1476 1232 1914 1319 simplicium,
1971 1233 2286 1321 aliasque
2350 1235 2563 1304 Com-

511 1324 887 1390 munitates
933 1324 1066 1388 sub
1115 1321 1361 1407 regula
1412 1322 1561 1387 sive
1608 1321 1885 1388 statutis
1933 1322 2179 1389 saltem
2214 1325 2305 1389 ab
2341 1324 2563 1393 Ordi-

509 1413 707 1480 nario
753 1411 1160 1499 approbatis
1186 1433 1202 1490 ;
1252 1410 1340 1477 ad
1374 1409 1648 1476 Domus
1682 1410 2158 1496 spiritualibus
2191 1417 2558 1482 exercitiis

509 1501 822 1568 addictas
848 1523 864 1581 ;
898 1500 987 1567 ad
1021 1498 1405 1567 Convictus
1439 1518 1508 1566 et
1540 1499 1864 1586 Hospitia
1890 1500 2244 1586 juventuti
2276 1502 2557 1585 litteriS,

511 1590 820 1657 scientiis
867 1600 986 1655 aut
1034 1587 1302 1654 artibus
1349 1588 1803 1678 instituendae
1853 1589 2229 1669 destinata;
2280 1591 2373 1657 ad
2422 1591 2560 1659 No-

513 1679 843 1759 socomia,
918 1676 1567 1764 Orphanatrophia,
1639 1698 1769 1742 nec
1833 1698 1975 1743 non
2038 1678 2124 1743 ad
2180 1678 2420 1746 Arces
2490 1691 2561 1748 et

512 1768 879 1847 CarcereS,
927 1778 1139 1854 atque
1189 1765 1438 1831 similia
1486 1763 1819 1831 Oratoria
1883 1767 1951 1831 in
2000 1767 2255 1853 quibus
2320 1791 2413 1834 ex
2460 1771 2561 1836 in·-

512 1858 752 1923 stituto
786 1856 1035 1942 aliquis
1068 1852 1648 1922 Christifidelium
1698 1867 1921 1921 coetus
1956 1856 2340 1922 convenire
2376 1858 2559 1925 solet

490 1945 603 2019 ‚ad
663 1944 1082 2011 audiendam
1145 1943 1437 2008 Missam
1498 1943 1539 2009 ¹.
1590 1940 1869 2025 Quibus
1934 1943 2223 2029 adjungi
2289 1944 2558 2013 debent

512 2033 872 2122 Cappellae
922 2033 992 2099 in
1040 2031 1470 2100 Coemeterio
1520 2031 1651 2097 rite
1700 2043 1979 2113 erectae‚
2044 2031 2436 2102 dummodo
2487 2038 2557 2103 in

508 2122 748 2190 Missae
773 2122 1246 2190 celebratione
1272 2123 1600 2189 omnibus
1634 2120 1955 2188 fidelibus
1980 2122 2209 2188 aditus
2241 2136 2482 2210 pateat
2510 2125 2557 2192 ².

611 2464 660 2529 1)
700 2462 848 2517 Haec
885 2459 1105 2515 verba:
1149 2480 1174 2507 ιι
1215 2488 1239 2500 -
1263 2464 1434 2529 atque
1470 2459 1684 2513 similia
1726 2459 2021 2525 Oratoria,
2047 2476 2105 2512 m
2131 2460 2336 2529 quibus
2374 2478 2446 2515 ex
2487 2464 2567 2515 in-

501 2536 691 2587 stituto
714 2534 925 2614 aliquis
951 2529 1408 2603 christifidelium
1434 2535 1604 2583 coetus
1624 2532 1918 2583 convenire
1947 2530 2087 2583 solet
2104 2530 2187 2583 ad
2206 2532 2564 2586 audiendam

501 2605 748 2660 Missam
773 2601 1062 2672 -mtelligi
1099 2617 1280 2671 posse
1311 2601 1386 2654 de
1424 2601 1890 2671 quibuscumque
1926 2599 2203 2655 fidelibus
2228 2602 2326 2670 qui
2355 2618 2569 2657 assen-

501 2677 686 2729 tiente
723 2674 962 2727 domino
987 2672 1102 2726 loci
1130 2680 1190 2725 et
1215 2670 1512 2725 Ordinarii
1540 2672 1890 2725 auctoritate
1914 2672 2373 2741 interveniente,
2402 2690 2567 2728 acce-

502 2746 645 2800 dant
682 2745 758 2799 ad
794 2743 1084 2815 praedicta
1107 2742 1384 2797 Oratoria
1410 2759 1516 2811 pro
1544 2741 1838 2797 audienda
1858 2742 2045 2796 Missa
2065 2743 2243 2795 etiarn
2282 2744 2345 2797 in
2384 2745 2569 2799 adim·

500 2817 866 2887 plementum
901 2815 1188 2885 praecepti
1213 2813 1412 2868 festivi
1454 2836 1479 2863 η
1522 2814 1825 2883 rescripsit
1865 2813 1925 2867 S.
1964 2813 2036 2867 R.
2055 2811 2120 2868 C.
2157 2830 2192 2882 3
2216 2814 2373 2885 Aug.
2404 2832 2565 2884 1901.

502 2888 591 2942 Ex
626 2888 738 2941 hoc
783 2886 1109 2949 deducitur,
1165 2886 1226 2938 in
1284 2900 1425 2938 casu
1483 2884 1640 2952 quod
1696 2893 1894 2938 certus
1949 2884 2211 2938 fidelium
2274 2902 2563 2942 numerus

504 2958 748 3013 accedat
784 2975 892 3028 pro
932 2955 1243 3023 audienda,
1283 2955 1492 3009 diebus
1530 2956 1709 3009 etiam
1746 2954 1997 3020 festivis,
2035 2955 2238 3022 Missa,
2265 2956 2440 3025 hujus
2470 2976 2564 3013 ce-

503 3030 894 3085 lebrationem
931 3037 992 3081 et
1030 3027 1392 3082 auditionem
1430 3025 1807 3081 Ordinarium
1854 3026 2201 3095 permittere
2256 3042 2440 3095 posse
2498 3031 2565 3083 in

503 3099 797 3156 Oratoriis
815 3116 1050 3170 quoque
1066 3097 1337 3168 privatis,
1354 3096 1441 3151 Cf.
1467 3096 1526 3151 Il
1544 3097 1750 3151 Monit.
1778 3096 1988 3151 EccleS.
2028 3096 2153 3152 Ser.
2178 3096 2266 3152 II.
2296 3097 2418 3153 Vol.
2436 3099 2563 3155 III.

496 3180 638 3243 pag.
658 3187 801 3241 549,
839 3176 990 3226 nota.
1027 3170 1174 3224 Haec
1215 3167 1514 3222 conclusio
1553 3167 1767 3249 clarius
1794 3167 2104 3222 deducitur
2138 3186 2213 3222 ex
2236 3169 2370 3237 ipsa
2395 3170 2565 3224 tacti·

504 3243 705 3313 specie
742 3259 818 3295 ex
862 3242 1015 3295 osita
1052 3240 1115 3295 S.
1152 3240 1224 3293 R.
1261 3238 1725 3309 Congregationi
1762 3256 1797 3293 a
1822 3238 1893 3293 R.
1921 3238 1991 3293 D.
2017 3238 2353 3293 Secretario
2381 3239 2563 3296 Vica-

502 3315 690 3368 riatus
727 3312 816 3366 Ur
859 3312 926 3380 is,
965 3327 1080 3380 quo
1117 3310 1383 3365 instante
1420 3309 1661 3362 citatum
1698 3325 2053 3378 responsum
2092 3309 2294 3364 datum
2332 3310 2463 3367 fuit.

609 3388 667 3453 2)
705 3384 765 3438 S.
804 3384 876 3439 R.
913 3382 976 3437 C.
1013 3381 1189 3437 Decr.
1223 3379 1445 3435 Gener.
1479 3397 1550 3449 23
1578 3380 1819 3450 Januar.
1861 3381 2015 3449 1899,
2056 3398 2112 3435 n.
2146 3398 2311 3452 4007.
