2713 4137
500 225 544 268 2
1149 220 1238 266 DE
1286 219 1558 266 MISSALI
1605 218 1902 266 ROMANO

627 341 784 410 Hoc
840 342 1124 429 quidem
1197 341 1338 408 ullo
1410 341 1561 408 sine
1634 339 2080 407 incommodo
2150 341 2545 428 procedere

497 442 773 521 poterat
820 431 1104 518 quando
1152 433 1293 511 uni,
1328 451 1491 519 quae
1535 428 2045 512 celebrabatur,
2078 429 2323 496 Missae
2360 440 2549 496 totus

497 522 742 589 aderat
790 521 1022 586 clerus
1077 531 1147 587 et
1193 520 1516 607 populuS,
1588 530 1658 585 et
1726 520 2047 606 quisque,
2119 519 2311 607 quod
2388 541 2549 586 eum

499 611 881 697 spectabat,
933 631 1021 674 ex
1068 632 1208 676 uno
1258 609 1371 676 vel
1418 607 1640 674 altero
1688 606 1871 674 libro
1916 608 2223 696 legebat.
2258 607 2551 688 Verum,

495 698 1004 768 Sacerdotibus
1053 697 1909 784 excrescentibu5,.iisque
1960 698 2259 784 singulis
2292 719 2425 784 per
2474 719 2551 764 se

493 789 787 856 Missam
835 786 1236 873 legentibus
1284 786 1520 876 quoad
1569 808 1817 853 omnes
1888 786 2209 874 ejusdem
2286 797 2552 874 parteS,

500 879 628 945 has
662 898 957 946 necesse
1013 876 1146 943 fuit
1175 878 1244 943 in
1281 899 1501 943 unum
1532 874 1853 942 codicem
1887 875 2244 963 colligere,
2280 875 2555 942 dictum

499 965 795 1034 Missale
832 963 1240 1052 plenarium,
1292 965 1380 1032 de
1428 987 1569 1053 quo
1618 965 1765 1031 Leo
1798 963 1915 1032 IV.
1965 965 2040 1033 P.
2090 965 2183 1031 M.
2236 964 2557 1051 loquitur

499 1079 657 1123 cum
729 1056 866 1122 ait:
920 1085 948 1115 ιι
1003 1055 1290 1122 Missale
1341 1054 1731 1141 plenarium
1782 1066 1853 1120 et
1899 1054 2429 1120 Lectionarium
2486 1065 2558 1119 et

496 1145 1092 1231 Antiphonarium
1165 1164 1612 1231 unaquaeque
1689 1142 2007 1209 Ecclesia
2084 1144 2367 1210 habeat.
2446 1171 2477 1202 n
2535 1141 2552 1174 ¹

499 1234 719 1320 quue
768 1233 1179 1320 perduravit
1222 1254 1616 1322 quousque,
1665 1232 1749 1298 iis
1822 1232 2125 1320 demptis
2188 1254 2228 1298 a
2277 1231 2554 1298 Missali

500 1345 661 1412 quae
708 1322 994 1389 Missam
1049 1322 1237 1389 haud
1287 1332 1627 1408 spectant,
1663 1322 2216 1410 compositisque
2250 1321 2557 1388 seorsim

501 1413 656 1479 aliis
704 1411 1048 1498 liturgicis
1095 1411 1314 1492 libris,
1365 1410 1556 1487 illud,
1606 1411 1694 1478 ad
1730 1410 2145 1478 hodiernam
2186 1409 2557 1479 redactum

499 1502 822 1578 formam,
871 1499 948 1568 S.
997 1501 1165 1568 Pius
1214 1500 1299 1567 V.
1346 1499 1423 1568 P.
1472 1499 1589 1580 M.,
1624 1500 1809 1566 votis
1842 1500 2201 1566 inhaerens
2235 1496 2313 1568 S.
2366 1497 2560 1566 Con-

505 1590 642 1658 cilii
689 1588 1110 1669 Tridentini,
1163 1589 1297 1658 edi
1358 1589 1574 1676 jussit
1648 1587 1901 1658 Brevi.
1936 1617 1970 1650 cc
2021 1588 2176 1674 Quo
2241 1586 2559 1674 primum

503 1687 813 1836 Zmpore·
851 1707 880 1738 n
934 1677 1048 1745 die
1102 1700 1182 1766 14
1221 1679 1387 1765 Julii
1441 1677 1658 1767 1570,'
1706 1679 1837 1744 sub
1892 1679 2174 1746 nomine
2226 1674 2561 1744 Missali&

578 1789 827 1834 omani.
1763 1787 1767 1790 ’

635 1880 700 1925 2.
752 1855 990 1940 Quum
1039 1867 1293 1938 autem,
1343 1858 1618 1944 privata
1665 1855 1831 1923 inde
1890 1857 2326 1937 auctoritate,
2362 1877 2563 1942 quae·

503 1941 661 2014 dam
710 1956 1168 2026 mutarentur,
1222 1969 1362 2013 non
1412 1945 1856 2013 obstantibus
1892 1945 2366 2016 severissimis
2400 1968 2557 2032 pro·

502 2035 747 2124 positis
795 2035 1040 2123 poenis,
1089 2036 1346 2124 quibus
1394 2034 1472 2105 S.
1519 2035 1687 2104 Pius
1734 2034 1822 2103 V.
1895 2045 2180 2104 caverat
2244 2056 2333 2110 ne
2382 2035 2559 2123 quid

497 2126 762 2192 Missali
811 2149 851 2192 a
899 2147 976 2191 se
1022 2126 1214 2193 edito
1264 2127 1379 2194 vel
1425 2126 1827 2203 adderetur,
1895 2125 2011 2192 vel
2059 2126 2201 2193 ulla
2278 2125 2558 2192 ratione

503 2215 926 2294 demeretur,
973 2214 1123 2283 RR.
1173 2215 1553 2283 Pontifices
1600 2226 1747 2281 tum
1774 2214 2104 2283 Clemens
2148 2212 2353 2295 VIII..
2404 2226 2557 2281 tum

499 2303 831 2372 Urbanus
875 2303 1080 2384 V11[.,
1129 2326 1352 2371 novas
1402 2316 1475 2371 et
1519 2314 1949 2390 expurgatas
2010 2304 2363 2373 editiones
2433 2305 2555 2371 im-

502 2394 708 2481 primi
740 2404 1093 2474 curarunt,
1129 2396 1333 2461 novis
1380 2393 1676 2481 adjectis
1724 2394 1952 2481 poenis
1998 2404 2243 2461 contra
2275 2412 2551 2479 praesu-

501 2493 775 2549 mentes
822 2504 947 2549 sua
993 2483 1406 2550 auctoritate
1456 2482 1624 2570 quid
1671 2483 2063 2550 immutare.
2099 2481 2340 2567 Quare
2390 2482 2553 2550 Mis-

503 2570 668 2662 sale,
716 2572 904 2659 quod
970 2594 1153 2638 nunc
1224 2596 1262 2639 a
1325 2571 1594 2639 Latinis
1665 2571 2061 2654 adhibetur,
2134 2572 2551 2659 inscriptum

502 2660 845 2747 legimus:
894 2660 1190 2727 Missale
1234 2660 1632 2727 Romanum
1665 2684 1749 2727 ex
1778 2660 2039 2728 decreto
2080 2660 2218 2729 SS.
2271 2658 2559 2728 Concilii

509 2748 895 2839 Tridentini
920 2749 1328 2829 restitutum,
1364 2749 1443 2818 S.
1476 2749 1599 2817 Pii
1636 2749 1713 2817 V.
1747 2749 1831 2817 P.
1880 2748 1985 2817 M.
2000 2750 2225 2839 jussu
2274 2748 2554 2825 editum,

507 2836 866 2905 Clementis
909 2839 976 2905 V
971 2838 1211 2909 III.et
1246 2838 1516 2907 Urbani
1568 2838 1771 2906 VIII.
1804 2840 2206 2906 auctoritate
2253 2838 2559 2927 recogni-

503 2936 668 2994 tum.
742 2926 967 2994 Novis
1023 2928 1376 2996 interdum
1424 2927 1803 3009 Coelicolis,
1854 2927 1942 2995 ad
2012 2937 2252 2995 nostra
2326 2949 2559 3015 usque

501 3027 842 3101 tempora,
891 3017 1108 3084 divini
1156 3017 1384 3084 cultus
1433 3018 1706 3084 honore
1755 3017 1999 3099 auctiS,
2066 3038 2274 3084 novae
2340 3017 2557 3084 etiam

498 3106 814 3191 ipsorum
860 3105 1103 3174 Missae
1150 3107 1441 3173 insertae
1475 3117 1655 3186 sunt,
1692 3128 2043 3193 novaeque
2074 3107 2144 3173 in
2229 3116 2553 3173 osterum

500 3195 921 3263 inserentur.
949 3194 1300 3279 QuinimO,
1321 3208 1609 3263 auctore
1622 3195 1862 3264 Leone
1887 3129 2308 3277 X111.P.¹1³vl.‚
2336 3216 2555 3263 novae

604 3391 657 3461 1)
691 3393 822 3448 Leo
861 3394 968 3449 1v.
1005 3388 1186 3449 Hom.
1224 3390 1290 3445 de
1329 3408 1472 3446 cura
1501 3391 1806 3476 pastonali.
