2713 4137
521 261 648 331 126

919 777 926 783 ·
1250 666 1711 749 TITULUs
1763 668 1903 746 v1.

741 850 874 919 DE
915 848 1205 919 MODO
1253 850 1800 921 RECITANDI
1858 851 2345 923 OFFICIUM

1362 1159 1730 1236 cAPurl.
2027 1253 2045 1267 .

963 1313 1096 1396 De
1150 1310 1688 1395 calendario
1749 1310 2138 1415 proprio.

664 1542 812 1611 168.
861 1540 1346 1627 Quaestionem
1396 1542 1512 1611 hic
1558 1542 1972 1630 attingimus
2021 1563 2319 1629 prorsus
2365 1540 2563 1609 aliam

529 1630 618 1699 ab
666 1652 775 1713 ea,
819 1652 1030 1720 quam
1086 1632 1516 1699 instituimus
1570 1631 1641 1700 lo
1694 1641 1944 1700 nentes
1992 1632 2081 1713 de
2152 1630 2569 1701 Calendario

527 1716 1027 1789 Ecclesiastico
1073 1718 1239 1805 (Tit.
1286 1719 1400 1789 ΙΙΙ.
1450 1720 1627 1809 Cap.
1746 1722 1815 1807 .);
1850 1720 1946 1789 ibi
1978 1720 2165 1788 enim
2199 1720 2289 1789 de
2324 1718 2571 1789 Calen-

529 1807 730 1877 dario
777 1808 930 1877 sive
977 1809 1382 1889 universali,
1432 1810 1584 1889 sive
1631 1808 1919 1909 proprio
1992 1808 2439 1877 conficiendo
2507 1819 2569 1877 et
2688 1832 2690 1881 i

529 1896 812 1966 edendo
859 1908 1095 1966 actum
1143 1908 1273 1966 est.
1319 1896 1456 1966 Hic
1505 1919 1681 1967 vero
1727 1898 2103 1986 inquiritur
2149 1897 2240 1967 de
2272 1918 2410 1965 usu
2445 1896 2569 1965 Ca-

535 1985 831 2056 lendarii
880 1986 1172 2077 proprii,
1219 2007 1347 2055 seu
1394 1986 1484 2055 de
1533 1986 1966 2075 obligatione
2016 1987 2179 2056 huic
2213 2008 2379 2055 sese
2412 2006 2571 2052 con-

528 2075 880 2144 formandi
927 2077 997 2144 in
1046 2076 1413 2145 recitando
1460 2076 1699 2146 divino
1771 2074 2057 2160 Officio,
2102 2087 2182 2144 ut
2233 2074 2571 2160 Ecclesiae

534 2175 974 2254 praeceptum
1022 2165 1424 2254 impleatur.

661 2253 814 2342 169.
861 2252 939 2324 In
987 2253 1232 2342 primis
1279 2252 1782 2341 distinguimus
1828 2253 2014 2320 inter
2059 2247 2386 2322 diversos
2422 2251 2566 2322 Cle-

530 2341 738 2423 ricOS,
783 2343 904 2434 qui
952 2342 1042 2411 ad
1089 2341 1323 2412 Horas
1371 2343 1745 2411 canonicas
1794 2339 2188 2410 recitandas
2222 2351 2563 2411 tenentur.

529 2429 636 2498 Ex
681 2431 769 2502 iis
815 2431 1003 2500 enim
1071 2431 1186 2500 alii
1257 2442 1418 2499 sunt
1488 2429 1824 2518 adscripti
1873 2429 2147 2512 choro;
2219 2429 2338 2498 alii
2408 2441 2563 2498 sunt

531 2519 771 2590 stricte
815 2519 1149 2608 adscripti
1199 2519 1405 2588 alicui
1449 2518 1835 2601 Ecclesiae;
1883 2517 1998 2586 alii
2045 2541 2276 2608 neque
2328 2519 2563 2594 choro,

541 2629 775 2696 neque
820 2607 940 2676 ulli
985 2607 1327 2677 Ecclesiae
1377 2607 1710 2696 adscripti
1758 2617 1921 2676 sunt
1952 2631 1971 2690 ;
2006 2606 2121 2676 alii
2153 2608 2441 2676 demum
2486 2609 2566 2676 ad

535 2696 938 2785 quempiam
988 2695 1336 2766 Ordinem
1385 2697 1797 2785 religiosum
1841 2697 2217 2785 pertinent.

672 2783 1045 2854 Habentur
1119 2796 1477 2874 tamquam
1549 2786 1883 2874 adscripti
1950 2786 2175 2854 choro
2238 2783 2566 2854 Canonici

535 2873 994 2962 praebendati,
1044 2873 1461 2956 beneficiati,
1509 2873 1764 2963 aliique
1811 2896 2079 2955 omneS‚
2129 2875 2249 2962 qui
2315 2873 2404 2942 ad
2454 2871 2563 2942 Of-

535 2961 771 3032 ficium
819 2963 1020 3032 chori
1067 2963 1492 3051 obligantur.
1539 2961 1632 3030 Hi
1680 2973 1913 3031 autem
1948 2962 2209 3031 debent
2242 2961 2562 3030 Officium

539 3050 856 3152 quotidie
901 3052 1202 3121 recitare
1251 3062 1328 3120 ut
1373 3052 1446 3119 in
1494 3052 1715 3121 choro
1756 3051 2038 3134 dicitur,
2086 3051 2358 3119 etiamsi
2407 3072 2557 3118 con-

538 3150 637 3208 tm
696 3150 766 3207 at
811 3161 937 3208 eos
984 3141 1308 3228 privatim
1358 3140 1531 3208 iuud
1576 3140 2013 3228 persolvere.

743 3229 1045 3298 abentur
1085 3240 1447 3319 tamquam
1495 3229 1735 3298 stricte
1796 3228 2130 3319 adscripti
2193 3226 2399 3296 alicui
2443 3225 2561 3294 Ec-

541 3315 778 3385 clesiae
823 3316 1082 3387 Clerici
1130 3317 1246 3398 illi,
1296 3319 1418 3408 qui
1490 3319 1579 3388 ab
1626 3319 2043 3387 auctoritate
2105 3317 2419 3406 legitima
2475 3316 2557 3384 ita

539 3402 880 3474 Ecclesiae
926 3406 1367 3490 addicuntur,
1414 3416 1492 3476 ut
1534 3407 1607 3476 in
1640 3430 1725 3476 ea
1754 3428 1839 3474 ex
1883 3405 2109 3498 officio
2141 3405 2551 3488 deserviant,
