2713 4137
729 627 1016 703 Index
1085 628 1582 701 Generalis

127 1027 404 1082 Tri-unus
442 1026 487 1081 I.
523 1030 616 1084 De
653 1030 908 1083 missali
947 1029 1264 1083 Romano.
2166 1088 2175 1099 ⁸

199 1098 346 1168 Cap.
401 1098 445 1154 I.
481 1099 572 1152 De
613 1097 838 1152 Missali
877 1096 1126 1167 ejusque
1180 1096 1431 1151 materia
1508 1138 1878 1153 .....
1951 1114 2085 1169 pag.
2165 1116 2191 1153 1

259 1193 285 1220 n
387 1169 458 1224 II.
496 1170 586 1224 De
623 1169 976 1224 auctoritate
1016 1168 1276 1223 Missalis
1314 1168 1615 1223 Romani.
1690 1210 1703 1224 .
1782 1210 1798 1224 .
1870 1212 1883 1225 .
2020 1192 2045 1220 η
2158 1188 2195 1240 3

265 1264 292 1292 n
394 1241 494 1295 III.
532 1239 622 1294 De
663 1239 923 1295 Missalis
959 1240 1228 1309 partibus
1331 1281 1878 1297 .......
2014 1264 2041 1291 n
2156 1258 2191 1313 5

126 1312 402 1367 TITULUS
441 1312 514 1367 II.
549 1316 643 1369 De
679 1316 886 1369 Missa
922 1316 990 1367 in
1027 1330 1278 1381 genere.

202 1383 348 1453 Cap.
401 1384 443 1439 I.
481 1384 572 1436 De
610 1383 876 1453 Liturgia
915 1382 1119 1436 Missae
1220 1422 1945 1440 .........
2022 1406 2050 1434 n
2162 1386 2199 1439 8

265 1478 290 1505 n
394 1455 466 1509 II.
503 1456 593 1509 De
631 1454 920 1509 relatione
961 1453 1164 1508 Missae
1204 1470 1338 1507 cum
1376 1453 1595 1509 Divino
1635 1453 1853 1509 Officio
1928 1497 1943 1511 .
2020 1478 2047 1506 n
2130 1473 2192 1511 11

265 1550 292 1576 ,ι
398 1526 498 1580 111.
526 1527 616 1581 De
657 1526 896 1580 nomine
935 1534 995 1578 et
1034 1525 1328 1579 divisione
1369 1525 1688 1580 Missarum
1753 1568 1767 1582 .
1845 1570 1857 1583 .
1930 1566 1948 1584 .
2022 1550 2048 1577 n
2131 1544 2198 1597 13

131 1598 407 1653 Trrums
444 1597 803 1727 11³¹}31e1g3
827 1615 964 1669 quae
1009 1600 1226 1653 Μίδεω
1272 1600 1676 1655 celebrande
1720 1616 1949 1670 praere·

203 1738 350 1810 Cap.
403 1739 446 1794 I.
538 1741 737 1793 eloco
777 1740 982 1794 Missae
1036 1738 1415 1792 celebrandae
1491 1780 1949 1796 ......
2027 1762 2053 1790 n
2135 1740 2203 1793 16

277 1832 304 1859 u
399 1810 470 1865 ΙΙ.
509 1811 600 1865 De
637 1810 830 1865 Altari
870 1811 1119 1880 ejusque
1157 1816 1372 1863 ornatu
1496 1833 2054 1868 ........
2129 1828 2199 1865 21

270 1905 296 1932 n
401 1882 500 1936 III.
537 1882 628 1936 De
666 1883 937 1937 vestibus
974 1882 1163 1936 sacris
1223 1922 1947 1939 .........
2026 1905 2052 1932 v
2129 1899 2197 1950 31

273 1976 298 2003 n
402 1952 501 2007 IV.
539 1954 630 2008 De
667 1952 882 2021 Calice,
921 1954 1165 2021 Patena,
1219 1954 1546 2022 horumque
1584 1955 1939 2009 accessoriis
2028 1976 2053 2004 n
2130 1956 2203 2023 38

275 2047 301 2075 n
403 2024 478 2080 V.
515 2025 605 2080 De
646 2025 919 2081 Ministro
955 2024 1017 2079 in
1056 2024 1460 2078 celebratione
1499 2024 1705 2080 Missae
1755 2068 1767 2082 .
1847 2070 1858 2082 .
1936 2070 1949 2083 .
2025 2047 2051 2076 n
2128 2042 2200 2096 42

271 2119 297 2147 n
399 2096 500 2150 VI.
538 2097 629 2151 De
668 2098 916 2152 materia
954 2103 1094 2166 apta
1131 2097 1206 2149 ad
1244 2095 1613 2150 Sacrificium
1665 2138 1678 2152 .
1754 2139 1768 2154 .
1846 2141 1857 2154 .
2025 2120 2051 2147 n
2129 2115 2201 2167 49

274 2191 300 2217 n
403 2167 533 2222 VII.
571 2167 660 2222 De
697 2177 968 2239 tempore
1005 2167 1344 2221 celebrandi
1385 2167 1630 2222 Missam
1672 2191 2055 2226 .....
2132 2186 2203 2239 52

137 2238 412 2294 Τιτυιυδ
450 2239 551 2295 IV.
588 2243 681 2298 De
717 2243 1048 2298 nonnullis
1086 2244 1381 2312 partibus
1418 2242 1656 2296 Μίδεω.

532 2311 925 2366 Proenotanda
1041 2351 1951 2370 ...........
2026 2334 2053 2362 ¹1
2130 2311 2203 2382 56

212 2381 358 2450 Cap.
407 2381 450 2435 I.
486 2382 578 2436 De
615 2383 782 2436 initio
823 2381 1026 2436 Missae
1127 2404 2175 2439 .............

274 2474 300 2502 n
404 2452 475 2506 11.
512 2453 603 2507 De
640 2454 675 2507 h
725 2469 862 2508 mno
901 2453 1193 2523 Angelico
1305 2477 2055 2511 .........
2132 2455 2206 2524 58

276 2546 301 2573 n
406 2523 506 2578 III.
544 2524 635 2578 De
729 2525 1059 2578 rationibus
1135 2549 2055 2583 ...........
2134 2540 2207 2594 59

277 2617 304 2644 n
408 2595 508 2650 IV.
545 2595 634 2649 De
673 2594 971 2664 Graduali,
1010 2595 1234 2648 Tractu
1273 2603 1332 2649 et
1370 2595 1699 2666 Sequentia
1762 2639 1776 2653 .
1849 2639 1865 2655 .
1943 2641 1956 2654 .
2031 2619 2058 2650 n
2133 2597 2207 2650 66

277 2687 304 2714 n
406 2663 481 2720 V.
517 2667 608 2721 De
645 2665 931 2738 Symbolo
961 2691 2059 2725 .............
2150 2690 2177 2716 v

277 2760 304 2786 n
405 2737 507 2791 VI.
545 2739 636 2793 De
674 2737 1036 2792 Praesatione
1075 2745 1136 2791 et
1176 2737 1250 2791 de
1287 2738 1534 2792 Canone
1588 2781 1956 2797 .....
2032 2763 2058 2790 n
2135 2739 2209 2792 68

276 2830 303 2858 n
405 2808 536 2864 VII.
572 2810 663 2864 De
701 2809 915 2864 Calicis
952 2808 1365 2879 purificatione
1406 2833 2058 2867 .........
2137 2826 2207 2879 72

277 2903 303 2929 n
407 2878 563 2934 VIII.
602 2881 691 2935 De
732 2881 818 2935 Ite
858 2880 1044 2934 Missa
1091 2887 1202 2948 est,
1261 2879 1336 2934 de
1384 2880 1589 2936 ultimo
1628 2880 1955 2954 Evangelio

465 2968 533 3005 ac
574 2952 649 3006 de
686 2952 962 3020 precibus
1012 2959 1150 3020 post
1200 2951 1443 3006 Missam
1496 2993 1867 3010 .....
1893 2955 1901 2961 ’
1944 2995 1957 3008 .
2033 2974 2059 3002 n
2138 2968 2208 3023 75

144 3021 468 3092 Appendix.
505 3023 597 3076 De
636 3023 1150 3077 administratione
1188 3023 1638 3078 Communionis
1680 3066 1693 3079 .
1767 3068 1780 3080 .
1858 3066 1871 3080 .
1946 3067 1959 3080 .
2036 3045 2062 3073 υ
2140 3040 2210 3094 77

146 3092 422 3147 Tium-us
458 3094 531 3148 V.
570 3098 662 3152 De
699 3098 1035 3166 Multiplici
1073 3097 1422 3152 missarum
1461 3100 1696 3166 specie.

218 3164 365 3233 Cap.
414 3165 457 3218 1.
494 3165 586 3219 De
625 3166 812 3220 Missa
853 3163 1104 3219 solemni
1144 3174 1204 3218 et
1231 3172 1473 3220 cantata
1501 3188 2065 3222 ........
2141 3165 2215 3220 80

277 3257 304 3284 n
408 3236 478 3291 II.
515 3237 606 3291 De
646 3237 832 3291 Missa
865 3235 1260 3290 Conventuali
1298 3244 1360 3290 et
1399 3237 1473 3290 de
1503 3237 1832 3292 Parochiali
1863 3280 1876 3294 .
1948 3278 1961 3292 .
2038 3260 2065 3287 n
2140 3237 2214 3290 88

292 3328 307 3356 7
413 3307 512 3361 III.
553 3307 642 3362 De
682 3307 884 3363 Missis
931 3307 1006 3361 de
1063 3315 1349 3377 tempore,
1409 3308 1483 3362 de
1517 3309 1844 3385 ‚mysteriis
1902 3316 1963 3362 et

471 3380 544 3433 de
585 3379 822 3435 Sanctis
877 3402 2063 3436 ...............
2139 3379 2213 3448 89
