2713 4137
341 275 433 320 DE
482 274 565 321 11S
613 273 782 331 QUAE
829 273 1058 322 MISSAE
1095 275 1383 322 CELEBR.
1416 273 2087 333 PRAEREQUIRUNTUR
2134 276 2223 344 53

175 396 561 464 celebratio
609 398 1050 484 permittitur,
1099 398 1215 465 vel
1260 397 1634 486 aliturgici,
1669 400 1926 486 quibus
1974 422 2058 467 ea
2105 421 2225 466 ve-

172 495 385 552 tatur.
437 486 800 574 Quidquid
847 486 936 570 de
999 498 1243 555 vetere
1311 487 1526 554 fuerit
1598 489 1988 575 disciplina,
2062 510 2224 577 quae

171 577 375 641 varia
423 577 704 656 exstitit,
738 576 834 642 ita
866 587 940 641 ut
972 575 1136 642 alibi
1169 578 1485 664 quotidie
1525 579 1568 656 ¹,
1604 577 1766 644 alibi
1801 578 2224 666 quibusdam

171 675 448 730 tantum
480 665 728 732 diebus
760 664 998 731 litandi
1035 687 1191 732 mos
1225 677 1435 746 esset,
1472 666 1843 753 disciplina
1877 667 2221 733 hodierna

169 752 513 820 Ecclesiae
561 752 906 820 Romanae
957 763 1067 820 est
1110 755 1304 841 quod
1376 777 1625 821 omnes
1676 755 1828 823 dies
1877 754 2054 821 infra
2102 777 2221 821 an-

171 863 341 908 num
390 842 698 928 liturgici
771 853 950 921 sunt,
1024 842 1250 910 tribus
1305 844 1620 930 exceptis
1693 844 1954 910 ultimis
2026 843 2221 910 feriis

171 929 471 1016 Majoris
549 930 1082 1010 Hebdomadae,'
1136 954 1298 1019 quae
1371 932 1771 1018 aliturgicae
1853 943 2016 998 sunt
2091 954 2221 1018 pro

170 1017 704 1099 SacerdotibuS,
756 1021 1080 1106 quamvis
1129 1042 1260 1107 pro
1313 1019 1634 1087 Ecclesia
1700 1019 1849 1087 sola
1896 1019 2071 1086 feria
2102 1019 2219 1088 VI.

168 1109 242 1172 in
289 1107 679 1174 Parasceve
727 1130 910 1175 nunc
963 1120 1036 1176 ut
1091 1109 1248 1176 talis
1325 1110 1689 1176 habeatur.
1758 1108 1834 1175 In
1904 1108 2222 1176 Ecclesia

169 1218 347 1262 vero
397 1196 655 1264 Graeca
700 1197 900 1264 feriae
949 1219 1200 1264 omnes
1251 1197 1868 1284 Quadragesimae,
1906 1199 2219 1284 exceptis

167 1284 508 1354 Sabbatis
556 1296 627 1352 et
673 1286 786 1352 die
833 1307 973 1374 qua
1007 1288 1316 1353 occurrit
1349 1287 1609 1353 festum
1643 1286 2219 1354 Annuntiationis

165 1373 246 1440 B.
299 1373 396 1440 M.
458 1373 565 1455 V.,
639 1375 1029 1461 aliturgicae
1101 1386 1284 1455 sunt,
1360 1386 1429 1442 et
1498 1377 1565 1441 in
1634 1375 1971 1442 Ecclesiis
2044 1376 2220 1442 ritus

166 1462 646 1544 Ambrosiani,
717 1465 1111 1551 aliturgicae
1162 1465 1429 1550 pariter
1491 1475 1656 1532 sunt
1726 1464 1926 1531 feriae
1969 1477 2221 1531 ·sextae

166 1553 515 1634 temporis
564 1552 1222 1640 quadragesimalis.

297 1639 692 1708 Romanam
741 1643 957 1728 igitur
1000 1642 1393 1709 Ecclesiam
1451 1642 1641 1729 quod
1695 1653 1987 1730 spectat,
2039 1643 2215 1710 dixi-

165 1751 326 1795 mus
374 1731 445 1796 in
497 1753 579 1796 ea
627 1751 755 1818 pro
803 1729 1322 1816 Sacerdotibus
1367 1731 1776 1816 aliturgicas
1837 1753 1999 1798 esse
2069 1744 2215 1798 tres

157 1817 377 1884 ferias
450 1829 846 1904 postremas
913 1819 1208 1906 Majoris
1279 1819 1791 1887 Hebdomadae.
1866 1820 1957 1888 Hi
2029 1821 2217 1886 enim

157 1907 457 1973 Missam
509 1907 868 1974 celebrare
920 1910 1162 1976 stricte
1218 1909 1691 1996 prohibentur
1757 1911 1826 1975 in
1900 1910 2022 1976 eiS.
2092 1908 2216 1974 At-

164 2005 404 2062 tamen
459 1994 663 2062 Feria
713 1995 797 2063 V.
845 1997 916 2061 in
965 1996 1168 2064 Coena
1217 1997 1517 2077 Domini,
1554 1999 1621 2063 in
1670 1999 2082 2064 memoriam
2116 1998 2209 2063 in—

159 2086 543 2151 stitutionis
591 2084 706 2153 Ss.
755 2085 1239 2167 Eucharistiae,
1289 2100 1499 2175 atque
1549 2086 1864 2155 Sabbato
1915 2086 2204 2169 SanctO,

157 2175 227 2240 in
280 2174 693 2239 memoriam
761 2173 1329 2242 Resurrectionis
1378 2176 1646 2243 Christi
1724 2175 2025 2257 Domini,
2076 2176 2206 2243 Ec-

157 2262 331 2328 lesia
367 2263 604 2328 statuit
637 2262 925 2330 Missam
960 2287 1167 2331 unam
1218 2265 1629 2331 solemniter
1662 2265 2159 2332 celebrandam
2186 2290 2202 2347 ;

209 2373 403 2430 uare,
452 2374 582 2439 pro
631 2353 801 2439 ipsa,
850 2364 1116 2419 tantum
1162 2352 1366 2419 Feria
1401 2353 1518 2420 VI.
1570 2366 1762 2421 caret
1818 2354 2206 2422 Sacrificio,

221 2440 311 2506 ed
377 2441 445 2505 in
522 2441 767 2508 eadem
838 2440 892 2507 F
897 2443 1042 2508 eria
1089 2441 1175 2507 V.
1234 2441 1551 2508 Ecclesia
1621 2443 1947 2509 concedit
2006 2455 2081 2508 ut
2145 2445 2209 2509 in

149 2527 492 2595 Ecclesiis
541 2530 1089 2610 parochialibus,
1139 2552 1302 2618 quae
1353 2530 1653 2597 Clericis
1701 2531 2195 2612 destituuntur,

153 2618 249 2683 ita
291 2628 370 2683 ut
415 2640 504 2684 ne
551 2620 838 2707 quidem
884 2618 1077 2703 juxta
1125 2621 1336 2685 ritum
1381 2620 1453 2686 in
1504 2618 1903 2686 Memoriali
1989 2620 2215 2687 Bene-

154 2705 320 2772 dicti
390 2705 576 2774 XIII.
647 2709 1043 2794 expositum
1123 2708 1394 2793 possint
1469 2705 1872 2776 functiones
1962 2710 2207 2795 peragi

153 2793 450 2878 Maioris
497 2794 1006 2876 Hebdomadae,
1057 2795 1163 2862 fas
1214 2797 1303 2862 sit
1347 2798 1417 2862 in
1467 2798 1705 2884 populi
1741 2798 2204 2865 commodita-

152 2893 318 2963 tem,
368 2905 457 2949 ex
503 2886 706 2951 venia
776 2886 1153 2972 quotannis
1223 2887 1313 2952 ab
1364 2884 1753 2953 Ordinario
1805 2886 1938 2954 loci
1992 2887 2202 2973 impe-

155 2982 359 3051 trata,
411 2994 622 3039 unam
669 2973 963 3040 Missam
1012 2973 1265 3041 lectam
1300 2975 1691 3057 celebrare,
1728 2987 2104 3064 antequam
2136 2976 2207 3042 in

152 3058 586 3142 Cathedrali,
620 3061 736 3129 vel
783 3061 1078 3129 Matrice
1129 3061 1650 3131 Conventualis
1697 3066 1985 3151 incipiat
2033 3064 2078 3130 ².
2127 3064 2205 3131 In

254 3293 306 3357 1)
344 3289 434 3345 Cf.
472 3290 666 3345 Actor.
703 3289 789 3346 II.
824 3291 920 3359 46,
961 3297 1021 3345 et
1059 3294 1123 3349 S.
1153 3295 1523 3364 Cyprianus
1552 3292 1607 3346 E
1646 3333 1659 3346 .
1696 3292 1863 3347 LIV.
1888 3293 1970 3347 ad
1995 3292 2214 3350 Cornel.

255 3364 314 3429 2)
353 3360 414 3416 S.
453 3360 529 3416 R.
563 3360 631 3416 C.
665 3360 906 3431 31Ju1ii
947 3364 1106 3428 1821,
1157 3381 1214 3419 n.
1271 3364 1417 3417 2616
1470 3362 1549 3417 ad
1632 3380 1679 3431 .;
1738 3380 1765 3417 1
1828 3362 2003 3421 Febr.
2062 3366 2217 3437 1895,

151 3449 213 3485 n.
250 3433 413 3502 3842,
455 3432 530 3486 ad
567 3431 640 3487 ΙΙ.
