2713 4137
615 222 705 267 DE
747 222 986 269 DIVINO
1035 222 1308 269 OFFICIO
1359 222 1425 268 IN
1475 223 1708 269 SPECIE
2094 200 2183 289 83

284 342 482 426 Item,
535 344 602 409 in
654 340 932 409 Officiis
983 343 1073 409 de
1120 354 1459 430 tempore,
1495 356 1652 429 post
1686 353 2006 411 octavam
2055 342 2213 429 Epi-

148 434 460 521 phaniae,
496 454 723 519 usque
755 432 845 499 ad
882 430 1326 499 Dominicam
1355 431 1945 519 Septuagesimae,
1980 431 2207 499 exclu-

143 524 325 604 sive,
378 521 716 588 utendum
761 532 891 602 est,
942 532 1140 587 extra
1190 532 1499 603 octavaS,
1549 522 1790 588 colore
1836 522 2070 589 viridi.

288 613 445 679 108.
493 610 635 677 Pro
685 610 973 677 diverso
1030 632 1228 677 more
1296 610 1804 678 intermittendi
1862 611 2209 698 jejunium

143 698 792 787 quadragesimale,
867 699 1001 765 hoc
1072 700 1445 786 incipiebat
1525 700 2014 787 quadraginta,
2094 698 2211 767 vel

146 788 692 877 quinquaginta,
739 786 856 853 vel
904 789 1288 873 sexaginta,
1329 787 1461 854 ·vel
1509 790 1719 855 etiam
1766 790 2209 875 septuaginta

141 878 406 947 diebus
457 888 615 943 ante
665 875 956 944 Pascha.
1009 876 1246 960 Quum
1281 888 1515 944 autem
1549 878 1773 965 prima
1806 877 2201 959 Dominica‚

138 989 287 1053 qua
339 970 616 1035 dierum
669 964 1137 1052 quadraginta
1174 966 1525 1053 jejunium
1569 968 1841 1034 initium
1877 968 2205 1047 habebat,

138 1057 631 1145 appellaretur
680 1053 1273 1143 Quadragesima‚
1334 1057 1431 1121 ita
1492 1057 1999 1124 antecedentes
2064 1054 2210 1123 Do-

144 1148 460 1225 minicae,
511 1168 552 1211 a
598 1145 875 1231 quibus,
924 1153 1078 1229 pro'
1107 1144 1391 1211 diverso
1439 1167 1593 1226 usu,
1627 1147 1891 1232 pariter
1922 1145 2209 1212 inchoa-

146 1238 365 1303 batur
407 1234 772 1321 jejunium,
822 1232 1029 1299 dictae
1080 1232 1366 1300 fuerunt
1413 1236 1809 1321 respective
1844 1234 2211 1319 Quinqua-

134 1324 449 1414 gesima,
501 1320 959 1409 sexagesima
1007 1333 1079 1388 et
1129 1322 1677 1411 septuagesima.

291 1412 626 1479 Moeroris
675 1420 745 1476 et
789 1407 996 1477 fletus
1049 1422 1157 1478 est
1203 1423 1482 1498 tempus
1515 1412 1857 1499 incipiens
1888 1434 1929 1477 a
1976 1411 2213 1480 Domi-

148 1504 314 1569 nica
364 1500 959 1587 Septuagesimae,
1013 1500 1082 1566 in
1131 1522 1269 1587 qua
1316 1501 1501 1568 Adae
1568 1512 1953 1587 peccatum,
2017 1500 2210 1588 quod

143 1592 472 1658 omnium
553 1610 1032 1656 aerumnarum
1110 1590 1314 1657 nobis
1394 1611 1643 1658 caussa
1718 1589 1869 1671 fuit,
1949 1590 2211 1657 nostris

147 1681 388 1747 oculis
453 1678 770 1746 Ecclesia
843 1676 1142 1761 subjicit,
1215 1690 1291 1744 ut
1338 1680 1822 1767 poenitentiam
1894 1689 2207 1765 agenteS,

149 1769 554 1855 condignos
601 1767 755 1854 ejus
803 1765 1074 1833 fructus
1145 1788 1612 1855 assequamur
1659 1778 1727 1834 et
1798 1768 1886 1835 ad
1942 1766 2209 1835 Christi

149 1858 572 1947 passionem
620 1855 1069 1923 recolendam
1123 1857 1431 1923 animum
1479 1858 1957 1943 disponamus,

295 1946 545 2031 Quare
595 1946 662 2011 in
711 1944 966 2012 Officio
1015 1946 1103 2011 de
1141 1958 1463 2033 tempore
1496 1947 1760 2012 utimur
1795 1946 2032 2012 colore
2073 1945 2211 2011 vio-

154 2035 382 2114 laceo,
433 2036 822 2102 omittimus
868 2032 1170 2124 alleluja,
1222 2036 1339 2102 ubi
1390 2036 1715 2116 occurrit,
1764 2047 1974 2124 atque
2010 2036 2213 2122 hym-

154 2149 325 2192 num
370 2125 462 2192 Te
509 2124 736 2192 Deum
783 2125 852 2190 in
903 2123 1244 2190 Matutino
1271 2149 1286 2206 ;
1339 2137 1409 2190 et
1466 2125 1535 2190 in
1589 2125 1723 2191 hoc
1774 2124 2113 2191 lectiones
2161 2122 2211 2192 Ι.

148 2214 502 2281 Nocturni
557 2213 896 2279 sumimus
944 2235 1034 2280 ex
1079 2214 1260 2280 libro
1295 2212 1623 2293 GenesiS,
1658 2214 1728 2280 in
1762 2235 1904 2300 quo
1939 2213 2214 2280 creatio

152 2314 223 2370 et
273 2303 519 2390 lapsus
565 2301 752 2368 Adae
802 2301 1240 2382 describitur,
1295 2325 1374 2368 ac
1424 2303 1591 2369 dein
1628 2325 1718 2368 ex
1750 2301 1930 2369 libro
1964 2302 2212 2384 Exodi,

156 2393 276 2459 ubi
313 2403 520 2478 gesta
556 2402 969 2458 enarrantur
999 2391 1278 2458 illorum
1315 2392 1659 2473 virorum,
1694 2393 1812 2479 qui
1845 2391 2214 2460 Christum

151 2491 610 2568 praecurrunt
656 2491 725 2546 et
773 2481 984 2547 veluti
1039 2481 1192 2567 ejus
1240 2482 1634 2568 imaginem
1684 2481 2019 2548 referunt.

299 2591 451 2656 109.
500 2569 893 2636 Dominicae
947 2570 1512 2658 Septuagesimoe,
1597 2569 2077 2658 Sexagesimoe
2148 2581 2217 2638 et

157 2657 781 2747 Quinquagesz'moe
843 2669 1000 2724 sunt
1069 2659 1533 2747 privilegiatae
1606 2658 1686 2726 II.
1759 2661 2025 2742 classiS,
2087 2660 2214 2726 sed

163 2747 346 2814 ritus
395 2745 917 2832 Semiduplicis,
974 2749 1160 2814 unde
1229 2750 1300 2815 in
1371 2749 1814 2814 occurrentia
1888 2771 2027 2814 non
2108 2770 2213 2814 ce·

147 2835 335 2902 dunt
412 2835 545 2901 nisi
603 2832 1018 2921 Duplicibus
1063 2835 1114 2902 I.
1163 2835 1429 2917 classis,
1480 2849 1569 2917 et,
1621 2837 1729 2902 his
1793 2837 2214 2904 occurrenti-

160 2926 318 3006 bus,
346 2923 557 2990 dictae
592 2921 985 2991 Dominicae
1027 2927 1773 2992 commemorationem
1810 2927 1915 2991 sui
1946 2927 2211 2991 habent

167 3013 240 3079 in
267 3013 588 3099 utrisque
615 3011 954 3098 Vesperis
980 3036 1060 3079 ac
1086 3015 1156 3079 in
1181 3013 1561 3095 Laudibus,
1578 3035 1735 3080 cum
1761 3013 1883 3081 IX.
1910 3013 2212 3081 lectione

157 3123 249 3167 ex
284 3101 576 3167 homilia
623 3101 712 3167 ad
759 3101 1222 3183 Matutinum;
1278 3103 1350 3168 in
1408 3104 1896 3170 concurrentia
1956 3103 2212 3169 cedunt

157 3189 366 3256 festis
416 3190 590 3257 ritus
621 3188 960 3276 DupliciS,
1009 3191 1134 3258 sed
1183 3192 1445 3278 primas
1490 3189 1844 3277 Vesperas
1894 3191 2217 3258 dividunt

158 3301 320 3345 cum
349 3277 808 3366 Semiduplici
842 3281 1298 3362 antecedenti,
1333 3281 1649 3366 integras
1682 3281 1940 3347 habent
1976 3302 2221 3348 secun-

158 3368 287 3436 das
337 3389 498 3434 cum
555 3371 1221 3437 commemoratione
1276 3368 1775 3455 Semiduplicis
1824 3371 2209 3458 sequentis.
