2713 4137
590 240 679 286 DE
726 239 964 287 DIVINO
1013 239 1288 286 OFFICIO
1334 239 1403 285 IN
1458 239 1731 286 GENERE
2085 241 2175 308 39

251 358 508 441 Porm,
556 361 613 427 si
664 361 818 427 haec
867 358 1231 427 translatio
1265 358 1419 425 fieri
1451 359 1697 426 debuit
1726 371 2020 447 propter
2052 361 2171 428 im-

116 448 627 534 pedimentum,
676 449 870 537 quod
903 461 1054 516 erat
1086 460 1337 516 natura
1372 470 1497 515 sua
1530 459 1972 537 perpetuum,
2007 450 2163 529 hoe,

120 539 470 624 temporis
517 538 738 625 lapsu,
790 539 881 605 ob
929 547 1230 604 mutatas
1303 538 1763 619 conditioneS,
1827 551 2173 621 cessante,

121 624 454 693 Officium
504 639 580 693 ut
629 648 842 714 supra
891 637 1200 692 amotum
1258 649 1297 693 a
1346 626 1463 693 die
1497 627 1805 712 propria,
1839 627 2001 694 huic
2036 630 2169 695 erit

123 715 660 795 restituendum,
719 716 870 782 sive
916 717 1069 802 ipsa
1102 715 1192 782 sit
1223 715 1379 782 dies
1414 715 1742 796 natalitia,
1780 717 1933 785 sive
1964 717 2167 804 quasi

122 804 434 871 natalitia
482 803 594 888 (cf.
644 827 712 871 n.
758 805 890 892 58).
937 803 1383 891 Exemplum:
1417 803 1493 870 In
1544 802 1967 872 Calendario
2017 807 2169 872 uni-

120 892 398 974 versali,
449 894 563 959 die
623 894 706 961 18
777 893 1030 973 Martii,
1103 903 1386 959 notatur
1454 892 1714 960 festum
1785 893 1861 963 S.
1912 893 2163 981 Cyrilli

122 979 778 1069 Hierosolymitani,
823 984 955 1048 sub
1000 982 1135 1048 ritu
1169 981 1446 1068 Duplici
1481 983 1755 1062 minori,
1782 993 1853 1050 et
1886 1004 2016 1070 pro
2048 983 2165 1050 ali-

125 1071 374 1156 quibus
398 1069 578 1137 locis
604 1072 947 1158 signatur,
981 1070 1228 1137 eadem
1255 1071 1389 1149 die,
1419 1070 1676 1137 festum
1703 1069 1779 1140 S.
1809 1070 2165 1140 Gabrielis

125 1157 582 1246 Archangeli,
635 1161 766 1226 sub
815 1160 952 1226 ritu
1001 1158 1278 1246 Duplici
1335 1159 1607 1246 majori.
1662 1159 1802 1227 Ubi
1864 1161 1999 1227 hoc
2070 1160 2167 1227 al-

130 1259 350 1316 terum
398 1248 664 1316 festum
713 1249 1130 1328 celebratur,
1177 1246 1367 1314 dicta
1415 1249 1551 1329 die,
1601 1248 1814 1315 debet
1870 1251 1961 1316 ab
2035 1249 2169 1316 hac

129 1339 434 1404 amoveri
507 1348 578 1404 et
646 1339 715 1403 in
788 1336 922 1405 alia
993 1336 1337 1422 assignari
1412 1348 1753 1424 perpetuo
1829 1336 2162 1405 Officium

135 1424 202 1493 S.
248 1425 524 1514 Cyrilli,
573 1425 774 1513 cujus
823 1426 1000 1492 ritus
1045 1423 1339 1491 inferior
1387 1437 1515 1493 est.
1565 1424 1645 1494 Si
1694 1437 1949 1507 autem,
1992 1439 2169 1494 tem-

137 1516 315 1600 poris
365 1516 696 1596 decursu,
745 1514 1004 1582 festum
1052 1513 1128 1582 S.
1166 1512 1519 1582 Gabrielis
1582 1515 1938 1582 universae
1986 1537 2166 1603 prae-

137 1603 420 1689 cipiatur
463 1603 806 1671 Ecclesiae
855 1615 926 1671 et
973 1602 1257 1670 diversa
1291 1603 1447 1670 dies
1483 1602 1708 1670 eidem
1743 1604 1833 1671 ab
1864 1603 2168 1692 Aposto—

141 1692 257 1759 lica
301 1692 495 1762 Sede
545 1693 973 1780 assignetur,
1025 1691 1176 1758 dies
1228 1692 1310 1759 18
1355 1691 1593 1760 Martii
1657 1690 1878 1761 lib'era
1933 1714 2170 1760 mane-

145 1793 256 1863 ret,
303 1804 525 1870 quare
573 1783 665 1848 ad
714 1783 894 1849 hanc
945 1782 1179 1849 denuo
1227 1779 1740 1848 restituendum
1804 1797 1995 1848 esset
2041 1779 2173 1849 Of-

143 1869 362 1937 ficium
409 1869 492 1939 S.
544 1869 815 1958 Cyrilli.

259 1959 312 2026 E
362 1971 630 2041 contra,
680 1961 734 2026 si
785 1961 937 2047 ipsa
983 1958 1300 2026 Ecclesia
1346 1980 1476 2046 per
1522 1979 1727 2024 suum
1757 1956 2162 2040 Decretum,

146 2049 228 2115 ob
257 2071 506 2117 causas
554 2049 685 2117 sibi
736 2050 1129 2129 benevisaS,
1179 2059 1254 2118 ut
1291 2070 1501 2135 supra
1530 2046 1949 2131 notavimus,
1975 2046 2165 2115 diem

142 2137 382 2205 festum
453 2139 755 2228 aliquem
836 2150 1074 2218 mutat,
1146 2158 1332 2203 nova
1416 2137 1569 2204 dies
1638 2136 2006 2224 designata
2089 2136 2167 2204 fit

148 2229 435 2315 propria,
467 2250 595 2295 nec
643 2227 941 2316 amplius
990 2226 1079 2293 ad
1127 2226 1313 2292 diem
1363 2226 1733 2313 pristinum
1782 2237 1853 2293 et
1908 2226 2167 2294 festum

150 2328 212 2382 et
259 2317 690 2403 respondens
762 2315 1092 2384 Officium
1141 2323 1250 2381 est
1297 2315 1830 2381 restituendum.

267 2428 373 2495 43.
419 2405 715 2472 Multum
771 2406 980 2473 etiam
1014 2405 1310 2470 interest
1339 2403 1430 2469 ad
1465 2415 1741 2489 tempus
1774 2404 2162 2486 attendere,

192 2517 276 2561 uo
322 2495 622 2562 eduntur
667 2494 994 2574 Decreta,
1028 2493 1282 2581 quibus
1328 2490 1415 2559 R.
1466 2490 1789 2559 Pontifex
1836 2493 1987 2560 dies
2035 2515 2165 2580 pro

151 2517 334 2651 {lestis
357 2582 664 2651 colendis
689 2584 1038 2671 designat.
1065 2582 1283 2649 Prout
1315 2582 1506 2647 enim
1530 2580 1714 2647 infra
1746 2580 2163 2661 videbimus»,

156 2695 296 2739 cum
341 2673 494 2753 du0,
542 2672 656 2739 vel
705 2673 905 2760 plura
951 2671 1131 2738 festa
1181 2670 1578 2757 horumque
1628 2667 1879 2736 Officia
1925 2670 1998 2736 in
2047 2671 2163 2737 die

156 2762 380 2829 eadem
426 2783 622 2829 suam
671 2762 1023 2829 vindicant
1056 2759 1318 2841 sedem,
1354 2759 1610 2827 ceteris
1643 2757 2163 2825 conditionibus

157 2851 418 2938 paribus
461 2851 922 2932 exstantibus,
975 2847 1148 2917 illud
1220 2860 1328 2915 est
1376 2846 1903 2936 praeferendum
1972 2847 2165 2934 quod

157 2940 332 3027 prius
379 2938 604 3007 fuerat
657 2960 1096 3020 concessum,
1154 2937 1308 3004 aliis
1379 2936 1468 3004 ad
1538 2936 1744 3004 aliam
1812 2935 1997 3003 diem
2058 2958 2169 3003 re-

159 3029 391 3096 missiS.
433 3027 546 3113 (cf.
596 3050 663 3097 n.
711 3033 845 3117 54).
