2713 4137
631 176 722 221 m:
766 176 1004 221 Dileo
1053 176 1326 229 orF1c1o
1374 174 1445 221 ΙΝ
1494 175 1726 221 SPEclE
2110 155 2197 223 81

157 320 198 363 a
223 297 340 364 die
373 296 948 365 Circumcisionis
973 298 1062 365 ad
1086 296 1342 365 festum
1375 296 1812 385 Epiphaniae,
1838 295 2201 379 inclusive,

156 407 457 473 prorsus
505 386 848 454 omittitur
871 410 886 468 ;
938 388 1028 453 de
1058 385 1429 453 Dominica
1463 395 1697 452 autem
1730 385 2083 453 incidente
2130 386 2202 452 in

153 476 339 542 festa
386 474 808 556 NativitatiS,
856 475 933 544 S.
982 475 1351 563 Stephani,
1398 473 1477 542 S.
1539 473 1827 558 Joannis
1887 473 2203 561 Evange-

151 566 335 631 listae
406 576 480 631 et
523 563 641 633 Ss.
698 562 1181 633 Innocentium
1252 564 1615 650 peragitur
1684 561 2014 630 Officium
2087 564 2203 632 die

146 676 238 742 30
315 652 761 721 Decembris».

285 742 372 811 ΙΙ.
422 742 536 810 De
583 742 950 809 Dominica
998 752 1413 809 occurrente
1462 740 1645 808 infra
1693 751 2015 808 octavam
2045 739 2203 828 Epi-

148 833 463 919 phaniae,
535 831 610 898 fit
680 829 1012 898 Officium
1089 832 1338 899 eadem
1398 831 1511 897 die
1558 832 1627 897 in
1676 852 1886 917 quarn
1936 830 2199 913 incidit,

149 944 314 987 cum
365 921 1043 988 commemoratione
1093 931 1389 987 octavae.

285 1009 405 1076 111.
456 1009 566 1076 De
614 1007 990 1077 Dominica
1035 1030 1198 1097 quae
1247 1009 1491 1075 incidit
1538 1009 1606 1074 in
1657 1008 1842 1075 diem
1876 1017 2199 1075 octavam

144 1097 572 1185 Epiphaniae
619 1098 695 1165 fit
741 1096 1076 1165 Officium
1125 1100 1193 1164 in
1242 1097 1560 1166 Sabbato
1608 1097 2036 1184 praecedenti
2088 1098 2132 1164 ¹.

966 1353 1236 1424 CAPUT
1295 1354 1398 1423 lv.

456 1521 464 1527 ·
550 1479 680 1587 De
738 1506 1083 1587 Officiis
1141 1510 1254 1587 ab
1311 1506 1819 1609 Epiphania

409 1641 535 1720 ad
626 1639 1265 1721 Dominicam
1347 1640 1946 1723 Passionis,

293 1864 447 1929 106.
472 1862 852 1949 Tempore,
875 1864 1067 1951 quod
1079 1865 1487 1932 decurritab
1509 1876 1757 1931 octava
1776 1863 2187 1952 Epiphaniae

143 1952 238 2019 ad
265 1951 712 2018 Dominicam
747 1951 1127 2032 PassioniS,
1165 1953 1540 2036 exclusive,
1571 1954 1946 2021 recolimus
1978 1954 2195 2019 vitam

149 2041 532 2128 publicam,
581 2041 851 2109 scilicet
917 2042 1493 2130 praedicationem
1557 2042 1727 2128 Jesu
1797 2042 2062 2112 Christi
2127 2052 2200 2110 et

151 2129 499 2197 miracula
545 2132 634 2198 ab
682 2131 934 2197 eodem
984 2142 1276 2218 patrata.
1325 2131 1403 2199 Id
1436 2132 1621 2199 enim
1656 2133 1949 2220 innuunt
1976 2130 2197 2198 Evan-

151 2219 367 2374 lgelia,
415 2240 575 2306 quae
625 2219 694 2286 in
744 2218 1156 2302 Dominicis,
1205 2221 1318 2288 vel
1366 2220 1561 2288 feriis
1604 2221 1814 2307 hujus
1860 2222 2199 2306 temporis

177 2330 219 2374 e
329 2318 513 2374 ntur.

221 2329 369 2463 εἵη
419 2397 663 2483 primis
713 2397 1058 2463 habentur
1111 2420 1234 2466 sex
1282 2397 1674 2465 Dominicae
1707 2409 1865 2485 post
1897 2397 2197 2486 Epipha-

155 2486 392 2564 niam;
442 2485 604 2553 dein
653 2483 1043 2554 Dominicae
1076 2486 1667 2574 Septuagesimae,
1701 2487 2195 2574 Sexagesimae

153 2588 225 2641 et
307 2573 940 2662 Quinquagesimae
963 2599 980 2657 ;
1061 2577 1344 2643 demum
1421 2591 1724 2664 quatuor
1798 2574 2193 2642 Dominicae

155 2663 774 2750 Quadragesimae,
823 2663 1172 2752 hujusque
1219 2664 1441 2733 feriae.

298 2774 448 2838 107.
496 2752 858 2820 Domim'ca
904 2756 959 2821 I.
996 2762 1160 2841 post
1202 2753 1662 2841 Epiphaniam
1710 2775 1794 2820 ea
1856 2762 1981 2833 est,
2032 2774 2193 2838 quae

152 2841 343 2908 infra
388 2840 600 2927 hujus
645 2840 808 2908 festi
855 2853 1196 2924 octavam,
1245 2843 1360 2910 vel
1408 2844 1477 2908 in
1526 2843 1751 2929 ipsam
1782 2841 1971 2909 diem
2016 2853 2198 2910 octa-

153 2952 344 3012 vam,
391 2929 651 2998 incidit.
700 2929 811 2998 De
859 2932 991 2998 hac
1041 2932 1211 2999 satis
1259 2931 1561 2998 diximus
1608 2933 1700 3017 (n.
1758 2934 1927 3018 105).

256 3129 315 3192 1)
350 3126 531 3181 Ratio
567 3127 744 3197 hujus
781 3127 1222 3198 anticipationis
1260 3133 1354 3182 est
1393 3143 1470 3182 ne
1507 3127 1572 3181 in
1608 3126 1823 3182 eodem
1860 3125 2073 3182 Officio
2123 3127 2207 3181 le-

183 3205 320 3254 atur
354 3199 524 3268 prius
560 3198 950 3270 Evangelium
989 3198 1106 3254 diei
1145 3209 1393 3266 octavae,
1448 3199 1513 3253 in
1569 3215 1685 3269 quo
1743 3215 1940 3254 sermo
1996 3205 2089 3254 est
2129 3199 2206 3255 de

142 3216 384 3326 {bristo
410 3275 652 3326 aetatem
678 3269 939 3324 habente
963 3269 1207 3342 triginta
1225 3287 1535 3338 annorum,
1558 3285 1627 3324 ac
1655 3270 1795 3325 dein
1818 3269 2206 3342 Evangelium

137 3341 496 3410 Dominicae,
533 3341 599 3396 in
636 3357 751 3412 quo
786 3340 1060 3397 Christus
1098 3341 1435 3398 duodennis
1474 3340 1756 3397 innuitur.
