2713 4137
573 224 701 308 146

687 365 930 433 Porro
975 366 1087 433 hae
1133 378 1298 433 sunt
1344 366 1639 453 regulae,
1690 368 1780 435 ad
1828 390 2006 455 quas
2056 368 2480 455 exigendus
2538 377 2646 434 est

573 455 748 522 ritus
795 454 1078 543 legendi
1125 455 1764 544 Martyrologium:

583 576 596 585 ··
705 543 780 611 1.·
829 543 1072 612 Lectio
1119 544 1611 633 Martyrologii
1661 546 2068 632 praecipitur
2112 546 2474 633 quotidie,
2530 566 2643 611 ex·

573 644 782 720 cepto
828 634 1063 701 triduo
1111 645 1272 701 ante
1322 634 1618 714 Pascha,
1656 635 1755 700 -in
1830 632 2087 701 Officio
2158 634 2497 713 chorali;
2575 634 2642 699 in

573 722 985 790 recitatione
1033 723 1306 810 privata
1352 721 1743 790 consulitur
1796 733 2085 789 tanturn.

706 809 810 879 11:
856 811 1445 898 Martyrologium
1480 810 1758 899 legitur,
1793 823 1861 878 et
1906 812 1973 877 in
2031 813 2252 879 choro
2285 822 2644 879 cantatur

572 901 641 968 in
687 911 858 967 tono
907 901 1284 967 lectionum
1333 900 1679 979 Matutini,
1730 901 1817 967 ad
1866 898 2194 981 Primam,
2241 912 2416 967 ante
2476 923 2647 967 ver-

577 1010 733 1057 sum
782 989 1120 1069 Pretiosa,
1171 989 1359 1056 nulla
1407 990 1777 1077 praemissa
1826 990 2338 1056 benedictione.

702 1076 838 1144 111:
887 1077 1181 1164 Legitur
1228 1099 1514 1164 semper
1584 1078 1699 1146 die
1770 1079 2204 1163 praecedenti
2278 1100 2365 1146 ea
2435 1100 2639 1165 parS,

574 1186 737 1254 quae
761 1168 1065 1233 continet
1093 1168 1504 1234 memoriam
1525 1165 1951 1235 Sanctorum
1977 1167 2116 1233 diei
2141 1167 2637 1254 insequentis,

707 1252 845 1322 IV:
894 1256 1292 1343 Antequam
1343 1256 1671 1343 legantur
1720 1257 2004 1323 nomina
2066 1254 2513 1325 Sanctorum
2569 1258 2638 1322 in

572 1344 730 1431 ipso
775 1344 1289 1433 Martyrologio
1339 1344 1712 1431 descripta,
1788 1345 2069 1411 nomina
2139 1346 2637 1421 enuntiantur,

575 1434 728 1500 sive
773 1431 1220 1513 Sanctorum,
1271 1434 1425 1499 sive
1472 1433 1681 1501 etiam
1728 1432 2129 1514 Beatorurn,
2162 1455 2505 1521 quorum,
2559 1435 2630 1499 in

569 1522 970 1609 particulari
1017 1522 1352 1598 Ecclesia,
1401 1520 1659 1588 festum
1707 1545 1791 1589 ea
1824 1522 1939 1589 die
1974 1522 2359 1610 peragitur.
2403 1521 2632 1607 Quod

573 1611 635 1677 si
681 1611 975 1699 alicujus
1021 1610 1265 1680 Sancti
1317 1609 1651 1679 Officium
1700 1611 2114 1677 translatum
2162 1610 2401 1687 fuerit,
2464 1612 2625 1677 sive

573 1710 937 1787 perpetuo,
989 1700 1140 1767 sive
1173 1721 1304 1787 per
1347 1699 1702 1781 accidenS,
1737 1700 1891 1787 ejus
1925 1700 2323 1767 recordatio
2356 1698 2441 1765 fit
2472 1712 2631 1766 tum

576 1808 705 1857 sua
749 1789 866 1856 die
913 1790 1215 1876 propria,
1267 1800 1412 1854 tum
1461 1788 1573 1855 die
1621 1789 1689 1855 in
1738 1810 1948 1876 quam
1994 1788 2125 1864 fuit
2173 1788 2627 1866 translatum,

568 1878 928 1944 mentione
975 1877 1158 1945 facta
1210 1876 1422 1963 hujus
1468 1877 1971 1944 translationiS.

710 1964 818 2034 V:
853 1966 1128 2033 Pariter
1153 1967 1559 2032 nuntiantur
1581 1964 1762 2033 festa
1795 1965 2100 2045 mobilia,
2134 1966 2285 2033 dies
2319 1977 2627 2045 octavae,

575 2052 860 2142 vi'giliae,
931 2055 1323 2124 Dominicae
1395 2053 1963 2142 Septuagesimae
2038 2066 2108 2122 et
2184 2052 2620 2136 Palmarum,

573 2144 772 2211 feriae
829 2144 945 2212 IV.
988 2144 1324 2213 Cinerum
1373 2156 1442 2211 et
1492 2143 1579 2210 V.
1627 2145 1695 2211 in
1746 2144 1968 2213 Coena
2016 2143 2321 2225 Domini,
2376 2166 2461 2211 ac
2512 2146 2624 2212 de·

577 2255 765 2299 mum
815 2232 1068 2302 Officia
1116 2235 1375 2300 votiva.
2026 2246 2034 2252 '

709 2321 848 2389 VI:
902 2322 1369 2411 Unaquaeque
1422 2321 1627 2388 lectio
1683 2320 2126 2389 concluditur
2170 2320 2283 2387 his
2330 2323 2625 2389 verbis:

576 2409 674 2479 Et
714 2409 883 2477 alibi
920 2412 1215 2478 aliorum
1247 2410 1709 2498 plurimorum
1741 2409 2155 2478 Sanctorum
2189 2408 2617 2492 Martyrum,

577 2507 643 2565 ‘et
690 2497 1203 2587 Confessorum,
1251 2508 1457 2585 atque
1503 2498 1923 2566 Sanctarum
1980 2498 2047 2565 V
2040 2498 2375 2587 irginum.

711 2587 882 2656 Vn.-
925 2588 1117 2656 Ante
1172 2609 1697 2676 quamcumque
1765 2588 2139 2654 lectionem
2220 2588 2625 2666 indicantur

577 2674 944 2758 Kalendae,
995 2677 1222 2746 Nonae
1272 2677 1389 2744 vel
1436 2675 1619 2756 Idus,
1666 2686 1735 2741 et
1783 2677 2133 2764 quantitas
2181 2674 2430 2757 Lunae,
2466 2699 2625 2765 quae

577 2767 952 2854 quantitaS,
1001 2767 1072 2832 in
1118 2766 1378 2834 tabulis
1449 2764 1757 2855 praefixis
1830 2764 2272 2852 singulorum
2344 2766 2621 2833 dierum

499 2891 508 2900 ·
582 2853 1016 2936 lectionibuS,
1067 2855 1417 2922 indicatur
1464 2875 1761 2921 numero
1832 2854 2112 2942 signato
2184 2853 2317 2920 sub
2390 2853 2621 2922 littera

579 2941 1070 3032 Martyrologii
1118 2945 1409 3032 propria·
1450 2943 1632 3010 illius
1680 2943 1865 3010 anni.

1388 3252 1462 3304 A.
1501 3249 1591 3304 m:
1622 3247 1697 3304 D.
1739 3248 1811 3303 G.
1930 3257 1937 3264 '
