2713 4137
495 221 577 290 16

1185 527 1504 609 TITUL
1520 527 1643 608 US
1697 527 1831 605 ΙΙΙ.

647 689 778 758 DE
837 689 967 758 ns
1015 688 1248 780 QUAE
1311 689 1643 759 mssa:
1690 688 2383 761 CELEBRANDAE

1045 820 1996 912 PRAEREQmRUNwR

1333 1177 1606 1251 CAPUT
1654 1179 1695 1252 l.

816 1321 949 1403 De
1003 1321 1211 1402 loco
1269 1319 1599 1402 Missae
1643 1319 2225 1402 celebrandae

619 1557 727 1602 20.
776 1534 967 1604 Loca
1012 1535 1079 1602 in
1137 1535 1393 1625 quibus
1448 1533 1579 1620 ipsi
1635 1533 1959 1620 Apostoli
2020 1531 2323 1603 Sacrum
2383 1534 2537 1604 lita·

493 1625 660 1691 bant
706 1624 990 1693 fuerunt
1037 1624 1126 1692 ab
1174 1624 1371 1691 initio
1420 1623 1735 1690 cubicula
1768 1623 1837 1689 in
1878 1623 2168 1709 privatis
2201 1623 2541 1693 domibus

490 1714 858 1780 existentia
883 1726 953 1782 et
974 1711 1313 1782 coenacula
1360 1724 1771 1800 nuncupata,
1807 1723 1877 1779 at
1910 1712 2071 1778 inde
2120 1735 2160 1780 a
2206 1711 2543 1782 domibus

490 1802 818 1870 distincta
864 1815 935 1871 et
981 1804 1200 1872 sacris
1247 1801 1543 1878 addicta,
1592 1822 1755 1889 quae
1802 1801 2156 1883 dominica,
2190 1801 2305 1868 vel
2346 1823 2543 1868 mar-

489 1891 667 1972 tyria
699 1894 1248 1979 appellabantur,
1305 1891 1467 1978 quia
1519 1889 1841 1957 Dominov
1872 1891 2117 1972 dicata,
2161 1889 2276 1960 vel
2308 1911 2541 1978 prope

490 1991 880 2067 martyrum
929 1983 1252 2072 sepulcra
1298 1990 1633 2046 extructa.
1665 1979 2153 2046 Accesserunt
2182 1976 2538 2054 Basilicoe.

488 2092 613 2137 seu
661 2071 1000 2158 ampliora
1046 2073 1199 2140 loca
1231 2072 1300 2137 in
1335 2071 1590 2157 quibus
1624 2068 1986 2136 christiani
2018 2090 2183 2137 suos
2217 2068 2539 2157 agebant

488 2173 897 2240 conventuS,
932 2162 1214 2228 nomine
1263 2169 1537 2226 retento
1583 2158 1843 2225 aedium
1890 2158 2193 2225 civilium
2230 2157 2539 2244 publicis

488 2248 792 2335 negotiis
840 2260 907 2316 et
946 2250 1228 2336 judiciis
1260 2248 1717 2327 addictarum,
1750 2259 1827 2314 ut
1858 2247 2255 2315 infidelibus
2290 2248 2531 2334 magis

485 2337 581 2404 illi
629 2338 1166 2405 occultarentur.
1214 2338 1387 2405 Haec
1433 2338 1719 2424 quidem
1765 2337 1939 2416 loca,
1989 2338 2078 2404 ab
2137 2336 2309 2423 ipsis
2360 2358 2536 2403 con-

483 2427 831 2509 ventibUS,
881 2450 1005 2495 seu
1054 2425 1679 2495 convocationibus
1726 2425 2055 2505 fidelium,
2118 2425 2331 2495 etiarn
2402 2424 2534 2495 Ec-

482 2514 700 2581 clesioe
746 2517 931 2584 dicta
975 2516 1278 2596 fuerunt,
1328 2538 1458 2583 ceu
1492 2516 1872 2582 etiamnum
1904 2515 2254 2595 dicuntur,
2303 2536 2533 2581 sensu

419 2648 424 2651 -
485 2606 682 2672 vocis
714 2606 1049 2673 translato
1080 2629 1120 2673 a
1152 2614 1337 2673 coetu
1386 2615 1771 2672 convocato
1806 2603 1893 2671 ad
1924 2602 2297 2673 aedificium
2330 2602 2537 2671 illum

485 2694 869 2763 continens,
916 2694 1192 2761 Interea
1252 2705 1508 2774 tamen,
1573 2694 2029 2761 saevientibus
2098 2694 2536 2780 persecutio-

489 2785 714 2863 nibus,
765 2783 993 2851 nullus
1038 2783 1262 2851 ferme
1309 2782 1508 2850 locus
1552 2784 1698 2864 fuit,
1731 2784 1802 2850 in
1837 2804 1979 2873 quo
2028 2802 2227 2849 sacra
2263 2794 2537 2869 myste-

467 2874 590 2940 ria
636 2894 775 2940 non
825 2873 1370 2953 celebrarentur,
1405 2884 1493 2953 et,
1525 2871 1775 2939 Romae
1807 2871 2225 2960 praesertim,
2272 2871 2344 2940 in
2378 2892 2536 2937 are-

486 2962 700 3029 nariis
747 2975 816 3029 et
864 2964 1130 3050 cryptis
1174 2961 1421 3029 fideles
1468 2962 2001 3043 conveniebant,
2050 2970 2125 3027 ut
2157 2958 2535 3043 Sacrificii,

488 3052 756 3139 absque
803 3062 1333 3137 persecutorum
1381 3062 1590 3132 metu,
1641 3052 2015 3138 participes
2058 3049 2329 3119 fierent.

618 3164 726 3208 21.
774 3139 994 3209 Sacra
1042 3163 1216 3208 vero
1264 3140 1541 3228 templa,
1592 3141 1698 3207 sin
1763 3150 1987 3221 antea,
2023 3149 2213 3209 certe
2260 3161 2301 3205 a
2348 3148 2536 3205 tem-

487 3251 658 3316 pore
706 3230 1061 3297 Pontificis
1109 3230 1186 3298 S.
1235 3229 1564 3299 Silvestri
1611 3229 1659 3296 Ι.
1718 3233 1799 3312 (a.
1860 3233 2169 3319 314-337)
2233 3227 2532 3327 speciali

489 3321 626 3386 ritu
672 3330 871 3385 erant
914 3319 1070 3386 Deo
1104 3319 1419 3398 dicanda,
1457 3341 1582 3385 seu
1616 3320 1749 3385 ritu
1780 3320 2347 3398 consecration1S‚
2433 3318 2534 3398 ui,

489 3420 696 3500 prout
741 3430 920 3480 nunc
969 3408 1359 3491 adhibetur,
1407 3410 1478 3477 in
1527 3407 1913 3477 Pontificali
1961 3406 2046 3477 R.
2077 3406 2356 3497 legitur.
2465 3429 2533 3473 e-
