2713 4137
475 245 565 331 96
1154 266 1242 311 DE
1289 265 1509 311 Missis
1555 265 1837 311 voi-ivis

613 384 996 453 Orationes
1044 398 1189 453 tres
1253 387 1500 452 saltem
1572 387 1884 473 exigunt,
1936 397 2024 465 et,
2096 389 2527 474 computatis

480 472 1289 541 Commeniorationibus
1337 488 1549 562 atque
1597 474 1932 541 Collectis
1994 476 2377 562 imperatiS,
2424 491 2530 543 at-

479 564 656 650 tingi
707 575 958 651 potest,
1010 563 1457 631 Celebrantis
1522 565 1834 644 arbitrio,
1909 565 2350 651 septenarius
2400 588 2528 631 nu-

478 674 716 719 merus
755 654 768 684 ¹
821 652 934 735 (cf.
982 675 1045 719 n.
1091 657 1224 740 65).
1274 652 1509 718 Prima
1544 666 1776 719 autem
1813 651 2063 719 Oratio
2098 666 2204 719 est
2239 656 2529 742 propria

477 740 762 823 Missae;
817 742 976 807 aliae
1025 756 1203 822 sunt,
1238 763 1400 828 quae
1448 743 1516 808 in
1566 741 1785 807 Missa
1833 742 1921 808 de
1955 754 2370 810 occurrente
2406 742 2530 809 Of-

478 830 658 912 ficio,
711 834 768 897 si
817 832 974 897 haec
1024 831 1520 911 celebraretur,
1568 830 1805 897 forent
1840 831 2159 899 dicendae
2192 834 2423 919 primo
2458 846 2531 897 et

478 920 790 987 secundo
839 921 994 986 loco
1045 920 1089 985 ².
1136 920 1501 1006 Excipitur
1553 924 1612 1004 1)
1657 918 1877 987 Missa
1912 920 2001 987 de
2035 920 2115 986 B.
2158 918 2386 987 Maria
2416 920 2526 1001 V.,

477 1009 548 1074 in
649 1033 738 1076 ua
785 1011 989 1075 tertia
1063 1008 1314 1076 Oratio
1388 1021 1496 1075 est
1566 1010 1653 1075 de
1702 1007 2143 1096 Spiritu-S:
2189 1015 2255 1091 2)
2301 1010 2529 1075 Missa

479 1097 568 1163 de
599 1032 730 1165 (ἒς.
778 1098 1146 1184 Apostolis
1183 1098 1397 1164 Petro
1446 1111 1515 1164 et
1563 1098 1802 1179 Paulo,
1852 1101 1921 1165 in
1973 1121 2112 1186 qua
2157 1097 2410 1165 Oratio
2459 1100 2531 1165 A

478 1188 752 1266 cunctis,
789 1210 946 1253 curn
999 1188 1150 1253 haec
1185 1189 1491 1254 occurrit
1524 1188 1755 1271 (tertio
1803 1188 1961 1255 loco
2010 1188 2351 1271 dicenda),
2388 1211 2531 1253 mu·

479 1286 668 1341 tatur
714 1277 780 1341 in
829 1278 1034 1343 aliam
1087 1276 1379 1344 Concede
1426 1277 1515 1343 de
1563 1274 1642 1342 B.
1698 1276 1924 1343 Maria
1975 1276 2056 1343 V.
2103 1276 2215 1359 (cf.
2278 1299 2347 1343 n.
2392 1278 2529 1364 65).

479 1363 688 1430 Ratio
737 1367 1106 1452 utriusque
1154 1364 1587 1452 exceptionis
1637 1378 1745 1431 est
1792 1360 1903 1432 ne'
1944 1368 2049 1433 bis
2096 1366 2217 1432 fiat
2262 1369 2532 1431 mentio

479 1452 560 1519 B.
609 1454 854 1538 Mariae
905 1456 988 1521 V.
1038 1454 1152 1520 vel
1183 1454 1298 1523 Ss.
1345 1454 1879 1541 Apostolorum.
1932 1454 2171 1539 Quare
2207 1456 2262 1521 si
2314 1455 2535 1525 Com-

482 1545 895 1609 memoratio
952 1544 1181 1631 aliqua
1255 1554 1599 1622 occurrat,
1649 1566 1810 1630 quae
1884 1546 2109 1611 tertiae
2158 1543 2534 1611 Orationis

480 1632 713 1697 locum
763 1644 1019 1713 teneat,
1070 1633 1257 1699 nulla
1306 1634 1598 1699 mutatio
1648 1632 1742 1701 fit.
2582 1635 2586 1637 ’

617 1720 1039 1807 Symbolum
1089 1722 1454 1800 omittitur,
1492 1723 1764 1787 etiamsi
1806 1722 2051 1789 Missae
2085 1722 2351 1788 votivae
2400 1722 2540 1813 pri-

481 1808 694 1876 vataei
745 1811 1068 1877 dicantur
1115 1812 1204 1878 de
1254 1812 1583 1892 Patrono,
1658 1811 1771 1878 vel
1817 1810 2139 1891 Titulari,
2213 1810 2349 1890 vel,
2400 1832 2533 1897 per

483 1899 789 1985 speciale
837 1899 1210 1978 Indultum,
1283 1902 1352 1966 in
1424 1898 1837 1979 DominiciS,
1895 1899 2010 1966 vel
2078 1900 2277 1965 festis
2350 1901 2533 1967 ritus

479 1988 820 2076 Duplicis,
869 1992 983 2056 vel
1037 1990 1213 2056 infra
1261 1988 1627 2072 Octavas;
1679 2001 1973 2076 excepta
2040 1988 2310 2056 Octava
2364 2009 2533 2078 pro-

481 2079 633 2166 pria
709 2079 954 2147 Sancti
1025 2080 1209 2146 illius
1281 2081 1371 2146 de
1443 2101 1583 2166 quo
1654 2079 1875 2148 Missa
1946 2079 2219 2160 dicitur,
2291 2079 2363 2144 in
2437 2101 2524 2148 ea

480 2167 740 2254 quippe
790 2170 1125 2235 recitatur
1172 2167 1615 2256 Symbolum,
1652 2169 1800 2236 sive
1849 2170 1936 2234 de
1971 2167 2238 2236 Sancto
2272 2169 2534 2235 eodem

481 2254 812 2322 Officium
875 2256 1012 2339 fiat,
1078 2259 1229 2324 sive
1294 2280 1457 2337 non,
1524 2269 1731 2344 prout
1796 2257 1885 2324 de
1948 2257 2187 2323 Missis
2260 2257 2530 2323 votivis

476 2344 557 2410 B.
606 2344 856 2412 Mariae
904 2345 990 2414 V.
1041 2348 1342 2413 diximus
1390 2346 1504 2430 (cf.
1553 2371 1620 2414 n.
1674 2369 1820 2427 102,
1872 2368 2030 2412 cum
2079 2348 2289 2428 nota).

619 2435 766 2500 108.
812 2435 1054 2501 Missae
1103 2449 1336 2502 autem
1384 2459 1545 2523 quae
1598 2458 1961 2503 concessae
2025 2435 2314 2500 fuerunt
2386 2456 2532 2502 una

485 2544 639 2588 cum
713 2526 1127 2610 respectivis
1186 2523 1463 2591 Officiis
1519 2526 1779 2598 votivis
1835 2525 1947 2609 (cf.
2011 2547 2078 2590 n.
2132 2525 2241 2610 96,
2316 2527 2532 2607 nota),

483 2633 638 2676 cum
674 2612 1000 2678 dicuntur
1034 2614 1280 2680 diebus
1324 2615 1455 2680 sibi
1494 2615 1899 2701 adsignatis,
1935 2614 2191 2700 quibus
2240 2634 2536 2698 respon—

482 2700 657 2766 dens
705 2702 1080 2790 unicuique
1129 2701 1463 2768 Officium
1497 2704 1850 2784 recitatur,
1886 2714 2047 2769 sunt
2080 2702 2533 2770 celebrandae

581 2935 632 3000 1)
670 2933 730 2988 S.
768 2934 840 2988 R.
878 2933 945 2990 C.
985 2950 1050 3003 17
1083 2934 1220 3003 Julii
1260 2936 1415 3002 1894,
1458 2951 1511 2986 n.
1549 2935 1709 3002 3832,
1750 2935 1823 2988 ad
1872 2934 2029 2991 VIII.

575 3007 632 3072 2)
671 3005 736 3058 Si
775 3006 908 3074 quis
943 3006 1193 3059 recitato
1249 3005 1457 3059 Officio
1518 3009 1723 3060 votivo
1779 3006 1910 3061 loco
1967 3005 2208 3071 ferialis,
2266 3004 2542 3060 celebret

470 3074 735 3144 Missam,
775 3093 892 3130 non
932 3077 1172 3147 quidem
1227 3076 1698 3145 respondentem
1754 3077 1962 3132 Officio
2064 3076 2179 3130 uod
2234 3076 2535 3142 recitavit,

470 3147 579 3200 sed
618 3147 692 3200 de
730 3149 893 3210 feria,
932 3150 995 3202 in
1051 3149 1260 3202 eadem
1300 3149 1488 3202 Missa
1548 3149 1823 3208 facienda
1877 3155 1970 3203 est
2016 3193 2022 3204 .
2077 3147 2537 3216 ommemoratio

475 3217 613 3271 dicti
651 3217 848 3273 Officii
884 3221 1090 3274 votivi.
1145 3220 1205 3275 S.
1243 3221 1315 3274 R.
1354 3219 1419 3274 C.
1453 3237 1525 3288 30
1561 3221 1715 3292 Aug.
1757 3222 1893 3288 1892
1946 3238 2003 3277 n.
2052 3236 2212 3290 3792,
2269 3219 2347 3272 ad
2402 3217 2537 3272 VII.

474 3287 698 3343 Idcirco
753 3291 913 3345 idem
968 3292 1305 3346 servabitur
1358 3292 1428 3360 si,
1483 3292 1693 3345 eodem
1746 3293 1994 3346 recitato
2032 3291 2249 3346 Officio
2306 3289 2539 3356 votiVO,

473 3361 703 3482 {Juaeyis
742 3362 854 3416 alia
893 3363 1224 3417 celebratur
1261 3363 1448 3418 Missa
1501 3365 1706 3418 votiva
1744 3365 1817 3418 ab
1857 3362 2072 3417 Officio
2111 3363 2364 3418 recitato
2424 3360 2537 3414 dif-

501 3448 698 3485 ormiS.
