2713 4137
509 190 602 278 98
989 214 1077 259 DE
1126 214 1361 259 ntleo
1412 214 1685 262 OFF1CIO
1732 218 1799 263 m
1846 217 2081 263 SPECOE

654 354 801 420 132.
847 332 1093 399 Mense
1144 336 1456 403 Martie.
1523 332 1655 401 Die
1710 358 1812 421 19.
1858 335 1939 403 S.
1973 334 2232 423 joseph
2305 337 2577 424 Sponsi

516 421 607 489 Β.
643 422 746 487 Μ.
794 425 863 489 V.
900 421 1108 509 Dupl.
1142 421 1190 488 Ι.
1226 421 1308 489 cl.
1343 462 1432 471 --
1462 421 1745 489 Festum
1786 426 1920 491 hoc
1953 438 2062 491 est
2097 448 2313 492 unum
2362 448 2405 493 e
2458 449 2570 494 so·

515 511 972 577 lemnioribus
1046 512 1403 577 universae
1452 510 1789 579 Ecclesiae
1868 512 1979 598 (cf.
2055 537 2121 580 n.
2167 517 2301 603 33).
2374 514 2569 583 Cum

515 600 763 665 incidit
808 600 876 665 in
953 599 1393 667 Dominicam
1468 599 1847 681 PassioniS,
1916 602 2029 669 vel
2076 604 2147 669 in
2210 603 2569 686 Maiorem

517 686 1078 768 Hebdomadam,
1117 690 1502 776 reponitur,
1538 690 1607 755 in
1643 691 1869 777 primo
1904 713 2090 771 casu,
2125 692 2195 758 in
2232 695 2569 780 sequenti

513 776 693 845 feria
725 776 828 857 11.‚
863 778 928 843 in
963 778 1184 845 altero
1217 798 1407 857 casu,
1442 778 1508 843 in
1544 776 1719 845 feria
1767 777 1883 846 IV.
1923 790 2083 867 post
2114 780 2566 850 Dominicam

509 868 581 932 in
629 864 858 945 Albis,
906 865 1020 932 vel
1069 867 1134 931 in
1185 866 1299 933 die
1370 888 1533 953 quae
1580 867 1733 934 illas
1804 867 2019 935 ferias
2080 871 2567 955 subsequitur,

515 958 572 1022 si
621 955 798 1041 ipsae
846 956 1202 1041 impeditae
1253 956 1592 1021 exsistant
1640 957 1729 1023 ab
1792 969 2208 1025 occurrente
2273 958 2567 1046 Duplici

512 1043 563 1111 Ι.
613 1044 881 1123 classiS,
931 1044 1286 1130 primari0.

495 1192 502 1199 .
648 1131 782 1198 Die
813 1152 921 1220 25.
947 1132 1501 1199 Annuntiatiom's
1535 1132 1623 1199 Β.
1652 1132 1909 1201 Marioe
1944 1134 2022 1201 V.
2056 1134 2266 1222 Dupl.
2298 1135 2348 1202 Ι.
2386 1138 2563 1203 clas-

511 1221 628 1287 515.
680 1260 765 1269 -—-
812 1222 1040 1288 Etiam
1098 1221 1499 1307 hujusmodi
1569 1220 1826 1288 festum
1897 1236 2006 1291 est
2053 1246 2267 1290 unum
2336 1247 2375 1291 e
2447 1248 2565 1293 so-

522 1308 982 1376 lemnioribus
1035 1308 1373 1377 Ecclesiae
1427 1311 1777 1378 universae
1826 1311 1937 1393 (cf.
1986 1335 2053 1381 n.
2120 1320 2253 1402 33).
2316 1312 2399 1381 Si
2457 1316 2565 1381 in-

519 1399 686 1465 cidit
721 1399 790 1464 in
825 1397 1263 1465 Dominicam
1317 1398 1695 1479 Passionis,
1734 1401 2148 1468 transfertur
2178 1403 2264 1469 ad
2300 1402 2563 1471 feriam

522 1492 962 1575 sequentem,
1012 1486 1127 1553 vel
1181 1488 1269 1555 ad
1325 1486 1636 1568 alteram,
1694 1490 1751 1555 si
1807 1489 1922 1555 illa
1975 1491 2397 1576 impediatur
2467 1494 2563 1559 ab

525 1591 937 1643 occurrente
983 1576 1167 1643 festo
1218 1577 1551 1662 primario
1601 1576 1921 1663 ejusdem
1970 1580 2167 1645 ritus.
2200 1579 2279 1649 Si
2314 1580 2566 1647 incidit

513 1666 581 1731 in
629 1687 837 1732 unam
891 1687 977 1731 ex
1023 1677 1327 1752 quatuor
1375 1666 1618 1751 primis
1664 1665 1859 1733 feriis
1928 1666 2223 1753 Majoris
2272 1666 2561 1736 Hebdo-

512 1754 764 1835 madae,
812 1753 1234 1821 transfertur
1281 1754 1370 1820 ad
1417 1754 1662 1821 feriam
1696 1754 1777 1821 ΙΙ.
1812 1766 1971 1840 post
2002 1756 2451 1823 Dominicam
2485 1760 2561 1823 in

509 1842 739 1924 Albis,
774 1844 888 1912 vel
913 1842 1002 1909 ad
1025 1854 1438 1929 sequentem
1473 1842 1719 1910 feriam
1754 1842 1863 1910 111.
1901 1846 1955 1911 si
1984 1846 2099 1911 illa
2130 1845 2564 1932 impediatur

502 1943 578 1997 ut
627 1954 861 2019 supra.
900 1932 980 1999 Si
1014 1954 1186 1999 vero
1222 1932 1462 1997 incidit
1494 1932 1562 1997 in
1597 1930 1844 1998 feriam
1884 1932 1997 1999 VI.
2030 1934 2097 1999 in
2132 1933 2573 2016 parasceve,

484 2022 621 2089 ·vel
655 2022 723 2089 in
757 2022 1146 2091 Sabbatum
1180 2018 1543 2102 Sanctum,
1578 2042 1714 2087 non
1753 2021 1979 2089 solum
2024 2022 2376 2105 Officium,
2424 2026 2559 2092 sed

509 2123 578 2178 et
597 2111 1003 2178 solemnitas
1037 2132 1196 2176 cum
1229 2109 1597 2176 feriatione
1629 2111 2049 2178 transfertur
2082 2113 2150 2178 in
2183 2112 2439 2180 feriam
2469 2113 2558 2181 11.

514 2211 673 2286 post
717 2199 1163 2266 Dominicam
1192 2199 1259 2266 in
1293 2198 1518 2279 Albis,
1553 2201 1807 2286 quovis
1842 2201 2000 2266 hinc
2034 2215 2269 2268 amoto
2304 2224 2558 2278 occur-

507 2299 710 2355 rente
759 2287 1017 2355 Officio
1071 2288 1111 2352 ¹.

636 2375 792 2444 Hoc
842 2377 1101 2443 festum
1177 2398 1262 2442 eo
1333 2387 1652 2462 tempore
1724 2377 2049 2457 occurrit,
2119 2401 2262 2465 quo
2335 2381 2554 2447 nullae

507 2477 780 2533 octavae
828 2465 1289 2552 particulares
1338 2466 1853 2552 permittuntur,
1902 2467 2029 2532 nisi
2094 2490 2182 2534 ex
2250 2469 2554 2550 indulto,

501 2556 694 2642 quod
742 2554 992 2622 alicubi
1043 2575 1460 2622 concessum
1509 2555 1859 2622 novimus,
2094 2624 2099 2628 .
2174 2617 2179 2628 .

631 2643 707 2710 In
757 2644 1038 2730 hymnis
1087 2642 1527 2722 Officiorum,
1572 2664 1733 2730 quae
1767 2646 1835 2710 in
1874 2644 2012 2710 hoc
2039 2644 2228 2712 festo
2258 2655 2331 2712 et
2361 2646 2554 2713 infra

479 2743 842 2816 octavam,
891 2733 1009 2799 ubi
1061 2732 1218 2798 haec
1277 2730 1538 2798 indulta
1598 2731 1746 2813 fuit,
1808 2733 2213 2813 recitantur,
2286 2746 2398 2800 est
2454 2736 2554 2802 di-

481 2823 720 2889 ¹cenda
755 2821 1109 2888 conclusio
1144 2820 1428 2908 propria
1458 2844 1473 2887 ε
1512 2820 1710 2902 jesu,
1744 2820 1871 2888 tibi
1894 2822 1989 2888 sit
2014 2821 2247 2911 gloria
2279 2861 2369 2872 -—
2404 2824 2559 2909 Qui

479 2919 703 2978 -natus
751 2932 822 2975 es
869 2908 951 2976 de
1010 2910 1073 2975 V
1067 2909 1313 2997 irgine,
1364 2920 1495 2975 ete.

635 3021 760 3088 133
787 2999 1036 3067 Mense
1067 3000 1326 3084 Junio.
1362 2996 1498 3064 Die
1536 3019 1637 3064 11.
1671 2998 1749 3065 S.
1784 2998 2136 3066 Barnaboe
2168 2999 2240 3068 A
2289 3052 2303 3067 .
2329 2999 2550 3089 Dupl.

476 3087 660 3175 .maj.
705 3127 794 3138 ——
827 3087 1227 3172 Quaesitum
1298 3086 1473 3153 fuit:
1527 3114 1557 3146 cc
1611 3086 1727 3153 An
1776 3087 2036 3154 festum
2082 3098 2156 3156 et
2275 3088 2547 3158 fficium

597 3323 656 3447 133
685 3320 747 3446 ἓ.
784 3321 858 3376 R.
896 3320 961 3377 C.
999 3319 1175 3377 Decr.
1210 3335 1280 3390 27
1315 3319 1475 3392 Junii
1518 3320 1672 3390 1893,
1712 3337 1771 3375 n.
1807 3320 1953 3391 3807
1992 3325 2052 3374 et
2090 3337 2157 3392 14
2194 3321 2351 3394 Aug.
2393 3325 2552 3395 1894,

489 3411 544 3446 n.
585 3413 618 3462 3
655 3410 690 3462 3
732 3435 744 3448 .
2042 3437 2045 3439 Α

2671 0 2709 397 l
