2713 4137
505 248 594 293 DE
638 246 1025 293 NONNULLIS
1073 246 1286 293 MISSIS
1337 248 1951 297 PARTICULARIBUS
2124 252 2249 318 147

197 358 336 425 loci
384 370 539 441 etc.,
588 382 666 427 se
715 360 1158 428 conforment
1207 362 1443 450 quoad
1490 362 1801 429 colorem
1849 374 1921 430 et
1952 362 2245 431 Missam

198 446 626 516 Calendario
675 449 1032 531 Ecclesiae,
1081 451 1151 516 in
1201 472 1340 539 qua
1409 449 1712 520 Sacrum
1780 452 2065 519 faciunt.
2126 452 2246 521 Ad

195 536 277 605 ΙΙ.
327 536 780 627 Affimatzve
849 540 937 605 ad
1009 540 1306 625 primam
1377 552 1670 627 partem,
1742 540 2085 629 Negatt've
2156 542 2246 609 ad

197 629 607 695 secundam.
653 628 772 695 Ad
819 628 932 695 ΙΙΙ.
981 627 1433 717 Affi‘rmative
1478 630 1547 695 in
1594 651 1763 695 casu
1815 630 1831 661 ¹
1889 657 1947 696 n.

1005 829 1276 900 CAPUT
1339 830 1446 901 111.

425 950 554 1031 De
616 952 908 1035 Missa
960 962 1054 1033 in
1113 953 1561 1035 oratoriis
1619 948 2079 1053 privatis.'

339 1186 486 1252 174.
521 1165 706 1250 Quae
757 1167 890 1232 sint
938 1168 1231 1254 privata,
1268 1188 1395 1232 seu
1442 1166 1833 1233 domestica
1883 1166 2243 1248 Oratoria,

201 1265 271 1321 et
303 1276 446 1341 quo
487 1255 649 1341 jure
683 1255 888 1322 liceat
919 1257 987 1321 in
1023 1256 1108 1321 iis
1140 1256 1431 1322 Missam
1466 1256 1847 1337 celebrare,
1887 1256 2244 1322 innuimus

188 1342 341 1429 jam
389 1346 521 1411 sub
567 1343 706 1411 Tit.
754 1343 845 1411 ΙΙΙ
893 1343 1066 1431 Cap.
1114 1343 1164 1410 I.

330 1432 463 1499 Hic
512 1433 856 1513 addimus,
885 1434 1148 1499 nullum
1184 1431 1674 1515 Sacerdotem,
1711 1434 1829 1522 qui
1863 1433 2242 1520 personale

197 1519 515 1588 Oratorii
564 1523 817 1609 privati
866 1521 1216 1588 Indultum
1267 1544 1407 1588 non
1466 1523 1697 1603 habet,
1747 1543 1961 1608 posse
2010 1524 2080 1588 in
2132 1522 2245 1590 ali-

194 1630 338 1696 quo
401 1632 492 1677 ex
554 1610 908 1677 Oratoriis
959 1610 1363 1697 hujusmodi
1415 1610 1799 1693 celebrare,
1852 1611 1982 1677 nisi
2035 1634 2245 1678 voce-

198 1709 314 1765 tur
359 1701 449 1766 ab
497 1700 731 1787 aliquo
779 1698 1183 1780 IndultariO,
1237 1722 1324 1765 eo
1380 1721 1465 1765 ue
1525 1710 1876 1785 praesente
1936 1700 2241 1768 Sacrum

193 1786 425 1855 faciat.
473 1787 836 1876 Excipitur
882 1810 1108 1869 casus,
1158 1810 1298 1875 quo
1416 1788 1692 1854 iaticum
1746 1788 1834 1854 sit
1893 1788 1981 1855 ad
2032 1790 2245 1856 mori—

198 1877 514 1944 bundum
562 1878 1025 1946 deferendum
1075 1888 1146 1943 et
1193 1876 1569 1944 dificillime
1618 1877 1841 1964 possit
1885 1876 2055 1944 illud
2124 1878 2245 1944 de-

195 1963 371 2032 ferri
420 1967 508 2033 ab
554 1967 872 2034 Ecclesia
921 1966 966 2034 ².

330 2054 550 2124 Missa
596 2079 734 2123 una
781 2066 1046 2122 tantum
1095 2056 1407 2143 quotidie
1444 2054 1784 2122 celebrari
1820 2064 2072 2141 potest,
2107 2055 2239 2122 nisi

197 2145 438 2232 plures
487 2166 824 2232 expresse
872 2144 1371 2228 concedantur,
1423 2145 1536 2210 vel
1583 2143 1841 2210 festum
1893 2144 1982 2210 sit
2043 2142 2242 2210 Nati-

195 2234 435 2300 vitatis
482 2232 785 2313 Domini,
835 2255 976 2320 quo
1026 2244 1170 2300 tres
1221 2235 1308 2300 ab
1358 2254 1498 2299 uno
1546 2233 1943 2320 eodemque
1989 2231 2239 2302 Sacer-

194 2323 364 2390 dote
413 2323 549 2389 dici
595 2333 933 2409 possunt;
999 2333 1070 2388 et
1133 2345 1293 2388 cum
1364 2324 1451 2390 de
1522 2321 1894 2408 privilegio
1965 2332 2235 2409 agatur,

192 2412 386 2499 quod
421 2423 531 2478 est
565 2421 812 2477 contra
843 2410 1097 2496 legem,
1126 2411 1429 2499 ideoque
1463 2410 1707 2477 stricte
1730 2410 2233 2496 accipiendum,

194 2521 570 2568 censemus
614 2500 903 2567 Missam
951 2499 1202 2566 lectam
1251 2521 1409 2567 esse
1443 2499 1729 2580 debere,
1765 2499 2050 2565 minime
2084 2520 2240 2565 can-

192 2598 411 2656 tatam
461 2589 576 2656 vel
623 2588 1034 2656 solemnem.

327 2677 503 2745 Item
553 2679 704 2745 dies
751 2677 1036 2764 quidam
1087 2675 1549 2743 solemniores
1597 2676 1824 2761 excipi
1889 2675 2118 2742 solent
2166 2686 2238 2744 et

191 2776 552 2854 tamquam
602 2766 875 2852 excepti
926 2765 1354 2852 subintelligi
1422 2765 1699 2842 debent,
1761 2765 1893 2829 nisi
1958 2777 2241 2831 contra-

193 2856 376 2922 rium
425 2856 495 2921 in
542 2854 821 2922 Indulto
869 2855 1319 2938 exprimatur,
1360 2855 1627 2941 quibus
1674 2851 1893 2919 Missa
1961 2854 2032 2919 in
2096 2854 2235 2940 pri-

193 2945 376 3010 vatis
425 2943 778 3010 Oratoriis
827 2943 1260 3029 prohibetur.
1285 2943 1375 3009 Hi
1426 2954 1657 3008 autem
1706 2942 1857 3007 dies
1906 2941 2002 3008 illi
2054 2952 2235 3023 sunt,

190 3033 410 3120 quiin
433 3031 929 3116 Caeremoniali
948 3031 1461 3119 Episcoporum
1488 3042 1845 3118 tamquam
1873 3029 2235 3096 solemnio-

295 3265 348 3334 1)
387 3261 450 3319 S.
487 3263 561 3320 R.
596 3263 662 3319 C.
703 3280 771 3317 10
798 3262 1039 3333 Januar.
1079 3280 1233 3332 1902,
1274 3280 1369 3333 ap.
1401 3262 1637 3334 Ephem.
1674 3263 1898 3334 Liturg.
1954 3279 2047 3317 an.
2089 3279 2245 3330 1902,

178 3350 448 3477 pagd)SS.
487 3406 560 3461 R.
597 3404 662 3460 C.
700 3422 770 3475 27
808 3405 964 3476 Aug.
1005 3406 1162 3474 1836,
1200 3423 1256 3459 n.
1294 3422 1453 3475 2745,
1494 3404 1570 3458 ad
1607 3404 1739 3459 VII.
