2713 4137
630 246 719 292 DE
765 245 1003 293 DIVINO
1051 245 1325 293 OFFICIO
1375 246 1446 292 ΙΝ
1494 245 1766 295 GENERE
2143 245 2245 312 29.

181 366 369 433 festa
420 378 487 434 et
532 367 618 434 ad
670 367 828 434 haec
877 366 1091 433 veluti
1141 366 1525 452 disponunt
1570 365 1879 432 animum
1937 364 2231 452 peculia·-

184 457 386 523 ribus
435 456 760 542 precibus
808 467 876 522 et
923 453 1297 542 aliquando
1347 455 1557 521 etiam
1598 451 1891 540 jejunio,

324 543 565 628 Quare
614 546 684 610 in
735 545 980 632 primis
1029 543 1289 630 vigiliae
1337 543 1741 610 dividuntur
1788 544 1855 608 in
1904 565 2026 609 eas
2075 564 2243 627 quae·

184 633 600 721 jejunantur
645 644 716 700 et
762 655 883 700 eas
932 655 1084 718 quoe
1131 655 1264 699 non
1292 633 1737 722 jejunantur.
1787 629 2095 712 PrioreS,
2146 633 2236 700 de

184 723 346 808 jure
374 722 748 802 communi,
785 735 948 789 sunt
978 743 1140 810 quae
1173 722 1586 808 praecedunt
1619 719 1797 786 festa
1831 719 2248 788 Nativitatis.

192 811 494 891 Domini,
573 809 1056 891 PentecosteS,
1109 809 1639 897 Assumptionis
1683 808 1763 876 B.
1822 809 2067 876 Mariae
2119 807 2229 890 V.,

195 899 270 968 S.
296 899 584 984 Joannis
633 898 988 986 Baptistae,
1024 899 1463 985 singulorum
1498 897 1615 967 Ss.
1646 898 2157 984 Apostolorum
2188 899 2233 980 ²,

194 988 268 1056 S.
316 987 675 1056 Laurentii
723 1002 793 1054 et
840 988 1179 1055 Omnium
1232 987 1704 1066 Sanctorum;
1776 997 1847 1052 et
1907 988 2247 1074 quamvis.

197 1079 404 1145 hodie
451 1101 587 1144 non
637 1079 720 1144 in'
757 1078 1083 1143 omnibus
1131 1091 1459 1144 servetur
1496 1075 1858 1163 jejunium,
1907 1075 2233 1162 liturgice

195 1180 422 1233 tamen
460 1167 692 1233 adhuc
727 1168 1075 1233 habentur
1107 1187 1237 1232 ceu
1287 1166 1549 1252 vigiliae
1600 1185 1762 1252 quae
1803 1163 2232 1252 jejunantur.

198 1254 637 1322 Posteriores
686 1267 846 1321 sunt
893 1277 1055 1342 quae
1102 1254 1283 1322 festa
1333 1254 1743 1342 praecedunt
1812 1253 2229 1340 Epiphaniae

197 1343 655 1412 Ascensionis
703 1357 773 1410 et
818 1342 1291 1410 Immaculatae
1340 1342 1865 1429 ConceptioniS.

324 1433 681 1511 SecundO,
755 1432 1157 1499 dividuntur
1226 1433 1294 1498 in
1365 1431 1849 1519 privilegiatus
1925 1443 1994 1497 et
2063 1452 2247 1496 com·-

200 1544 449 1590 mzmes,
505 1521 977 1608 privilegiatae
1025 1533 1172 1588 tres
1219 1520 1565 1587 indicatur
1595 1522 1683 1586 ab
1715 1519 2150 1587 Auctoribus
2184 1519 2230 1596 ²,

199 1612 541 1690 videlicet,
594 1610 854 1696 vigiliae
899 1609 1299 1677 Nativitatis
1349 1608 1650 1690 Domini,
1696 1607 2113 1695 Epiphaniae
2160 1619 2249 1677 et.

201 1699 680 1766 pentecostes.

327 1789 613 1856 Ceterae
666 1787 946 1874 vigiliae,
994 1787 1145 1854 sive
1195 1787 1521 1864 habeant,
1558 1787 1708 1852 sive
1752 1808 1891 1852 non
1930 1787 2253 1854 habeant.

202 1878 542 1944 adnexum
581 1877 953 1964 jejumum,
1003 1887 1163 1942 sunt
1205 1897 1619 1942 communes
1651 1886 1721 1941 et
1769 1874 1903 1941 dici
1939 1885 2238 1961 possunt

205 1988 514 2033 mmoreS.

1011 2078 1280 2147 CAPUT
1333 2078 1435 2147 lV·

474 2209 603 2287 De
662 2208 1118 2306 multiplici
1180 2206 1698 2287 officiorum
1753 2206 1954 2285 ritu.

326 2360 433 2447 36.
496 2358 566 2423 In
632 2357 950 2445 subjecta
1012 2358 1323 2439 materia,
1387 2358 1565 2423 ritus
1632 2367 1923 2423 vocatur
1978 2356 2245 2423 modus.

215 2447 548 2525 diversus,
598 2470 739 2533 quo
788 2446 1064 2528 Officia,
1114 2468 1244 2535 pro
1315 2447 1601 2513 diverso
1672 2467 1918 2512 eorum
1986 2446 2250 2531 gradu,

214 2551 361 2603 sunt
408 2537 786 2603 recitanda.

307 2697 356 2766 1)
395 2696 686 2751 Attamen
723 2695 1016 2765 excipitur
1051 2694 1255 2767 vigilia
1290 2694 1385 2749 Ss.
1424 2692 1679 2764 Philippi
1729 2700 1791 2747 et
1831 2692 2057 2763 Jacobi,
2110 2707 2245 2761 quae

211 2769 447 2822 occurrit
503 2777 774 2838 tempore
830 2765 1118 2831 Paschali,
1175 2771 1236 2819 et
1289 2764 1493 2836 vigilia
1546 2764 1608 2820 S.
1638 2764 1889 2836 Joannis
1926 2763 2050 2833 Ev.,
2111 2777 2264 2834 quae-

209 2839 398 2893 incidit
434 2839 592 2893 infra
629 2846 901 2893 octavam
940 2836 1282 2892 Nativitatis
1318 2836 1575 2891 Domini.

304 2911 358 2979 2)
395 2910 656 2965 Dicimus
693 2910 765 2963 ab
803 2908 1164 2974 Auctoribus
1204 2925 1336 2961 cum
1376 2908 1534 2961 enim
1579 2906 1837 2961 Decreta
1885 2905 1945 2960 S.
1984 2904 2057 2959 R.
2092 2903 2243 2959 Con·

213 2980 558 3052 gregationis
597 2980 669 3035 ab
708 2979 958 3035 Indultis
1019 2978 1320 3049 excipiunt
1374 2978 1434 3032 vi
1479 2978 1608 3033 'lias
1664 2976 1874 3047 privile
1918 2976 2087 3041 iataS,
2127 2991 2250 3029 non

214 3051 391 3106 solent
426 3053 584 3106 inter
626 3052 735 3106 has
786 3050 1046 3122 vigiliam
1085 3065 1406 3105 accensere
1438 2995 1811 3118 {piphaniam
1926 3064 2069 3101 uare
2125 3062 2249 3100 non

217 3123 414 3177 desunt
452 3122 570 3193 qui,
609 3122 761 3177 sicut
800 3122 996 3186 ferias,
1035 3122 1120 3177 ita
1155 3129 1215 3175 et
1251 3120 1487 3191 vigilias
1514 3119 1861 3189 dispescunt
1886 3120 1949 3173 in
1986 3118 2245 3185 majores

215 3204 269 3248 et
290 3197 546 3259 minoreS,
571 3192 833 3263 majores
859 3202 1058 3248 autern
1095 3192 1159 3246 in
1180 3192 1572 3262 privilegtatas
1596 3199 1657 3245 et
1696 3206 1809 3243 non
1831 3188 2242 3260 privilegiatus,

219 3265 450 3335 Majores
509 3264 712 3319 dicunt
765 3264 1000 3335 vigilias
1054 3263 1395 3318 Nativitatis
1459 3260 1712 3329 Domini,
1776 3260 2125 3330 Epiphaniae
2181 3262 2243 3312 et

217 3335 601 3406 PentecosteS,
641 3352 887 3407 quarum
925 3335 1115 3406 prima
1151 3342 1212 3387 et
1249 3332 1427 3389 tertia
1462 3341 1527 3387 ut
1563 3330 1967 3403 privilegiatas
2006 3330 2263 3395 habent„

223 3408 524 3462 secundam
560 3414 626 3461 ut
664 3424 785 3461 non
821 3405 1274 3477 privilegiatam.
