2713 4137
475 222 601 311 158

457 381 538 421 un
575 361 732 417 viale
766 358 1204 431 flancheggiato
1244 358 1321 413 da
1355 358 1605 429 vigneti.
1628 356 2082 412 Considerando
2110 372 2214 411 ora
2240 354 2353 409 che
2380 371 2530 410 esso

457 440 492 489 e
530 434 748 489 situato
806 440 898 485 tra
953 432 1012 485 la
1072 430 1328 486 Basilica
1384 430 1443 485 di
1489 430 1553 485 S.
1609 430 1932 484 Pancrazio
1990 446 2025 481 e
2082 428 2137 481 la
2184 426 2409 481 Chiesa
2465 426 2532 480 di

459 505 521 559 S.
559 504 749 559 Maria
787 504 942 558 delle
980 502 1024 559 F
1030 502 1234 557 ornaie
1271 521 1305 556 e
1331 502 1442 557 che
1468 519 1578 572 per
1600 501 1660 557 la
1678 500 1951 555 distanza
1976 499 2035 553 di
2062 506 2276 569 queste
2301 497 2529 552 Chiese

445 576 622 629 *molti
661 574 840 629 villici
879 576 954 629 ed
994 575 1196 643 operai
1236 574 1328 628 dei
1372 573 1632 628 dintorni
1672 589 1793 626 non
1829 587 2094 642 possono
2132 568 2433 624 ascoltate
2466 568 2532 623 la

457 648 518 703 S.
558 647 762 701 Messa
799 648 897 701 nei
973 646 1126 701 iorni
1165 644 1383 713 festivi,
1421 645 1805 714 l’esponente
1844 640 2143 697 domanda
2181 657 2265 705 se,
2318 656 2431 709 per
2464 640 2531 693 13

453 718 751 773 comodita
787 718 862 770 ed
923 664 972 771 ff
1018 716 1339 787 vantaggio
1396 714 1701 785 spirituale
1761 714 1821 767 di
1871 713 2068 783 quella
2108 710 2529 783 popolazione‚

457 790 647 844 dietro
688 789 875 842 anche
913 788 971 842 le
1007 788 1145 841 vive
1183 785 1737 841 raccomandazioni
1776 784 1874 839 del
1912 784 2037 838 loro
2077 800 2347 854 parmen,
2398 782 2530 837 Sua

455 860 782 917 Eminenza
817 860 970 915 Rma
1013 858 1056 913 il
1091 858 1266 913 Card.
1319 858 1559 913 Vicario
1614 856 1907 927 potrebbe
1964 856 2293 909 dichiarare
2351 853 2528 907 detto

455 931 732 987 Oratorio
753 930 1200 1001 semipubblicO,
1228 928 1553 985 basandosi
1576 928 1671 982 sul
1696 926 1955 997 Decreto
1980 944 2051 996 23
2078 925 2351 980 Gennaio
2382 926 2529 994 1899

456 1009 733 1057 emanato
774 1002 930 1057 dalla
965 1001 1026 1058 S.
1065 1000 1129 1064 C.
1170 1001 1264 1055 dei
1303 1001 1444 1069 Riti,
1482 1018 1516 1055 e
1554 999 1999 1070 propriamente
2038 996 2190 1052 sulla
2226 995 2527 1050 clausola:

461 1097 487 1124 n
527 1079 698 1145 atque
734 1073 950 1127 similia
993 1072 1272 1127 Oratoria
1309 1075 1369 1126 in
1407 1072 1613 1143 quibus
1660 1088 1731 1125 ex
1782 1071 2034 1123 instituto
2088 1068 2305 1138 aliquis
2364 1065 2531 1122 Cim·-

457 1144 786 1219 stifidelium
825 1149 996 1199 coetus
1033 1145 1328 1198 convenire
1365 1142 1505 1198 solet
1538 1142 1621 1197 ad
1653 1140 2001 1196 audiendam
2040 1139 2290 1194 Missam
2332 1161 2359 1187 n
2408 1140 2445 1192 ¹.

601 1277 828 1345 Porro
863 1278 941 1346 S.
974 1276 1060 1344 R.
1094 1275 1584 1363 Congregatio
1619 1275 1754 1341 hoc
1786 1274 2007 1341 edidit
2042 1295 2515 1362 responsum:

571 1432 596 1459 cc
637 1412 927 1466 Romana.
978 1411 1247 1465 Instante
1296 1410 1452 1463 Rmo
1501 1409 1637 1463 Dno
1687 1408 2025 1463 Secretario
2072 1407 2414 1463 Vicariatus
2460 1407 2532 1461 in

459 1482 622 1537 Urbe
661 1490 722 1537 et
760 1483 1061 1537 referente
1099 1482 1439 1551 subscripto
1478 1497 1513 1535 a
1550 1480 1831 1547 SecretiS,
1873 1480 2058 1535 Sacra
2095 1480 2339 1534 Rituum
2368 1479 2531 1534 Con·

455 1554 722 1625 gregatio
761 1554 1080 1609 adhaerens
1117 1561 1260 1607 voto
1298 1552 1753 1607 Commissionis
1802 1552 2139 1621 Liturgicae,
2187 1550 2531 1605 rescriben-

457 1626 597 1677 dum
635 1641 773 1680 esse
812 1625 1061 1689 censuit,
1101 1623 1449 1694 particulam
1494 1621 1735 1677 Decreti
1778 1620 2091 1677 Generalis
2140 1637 2325 1691 super
2382 1620 2530 1675 Ora-

457 1696 626 1751 toriis
664 1695 1069 1765 semipublicis
1108 1696 1177 1750 N.
1212 1712 1355 1767 4007
1414 1695 1532 1749 diei
1584 1712 1656 1764 23
1704 1693 1968 1764 Januarii
2028 1694 2167 1762 1899
2224 1724 2297 1733 —
2350 1698 2530 1763 atque

457 1768 674 1823 similia
716 1767 990 1822 Oratoria
1028 1769 1087 1820 in
1126 1768 1330 1837 quibus
1368 1784 1437 1821 ex
1484 1769 1739 1821 instituto
1786 1766 1997 1835 aliquis
2048 1764 2527 1835 Christifidelium

457 1844 628 1893 cce-tus
667 1841 962 1892 convenire
997 1838 1137 1891 solet
1171 1838 1252 1891 ad
1288 1838 1635 1892 audiendam
1674 1837 1924 1891 Missam
1964 1834 2311 1905 -intelligi
2334 1850 2529 1904 posse

457 1909 532 1965 de
571 1910 1040 1979 quibuscumque
1077 1908 1373 1977 fidelibus,
1414 1910 1512 1977 qui
1550 1908 1921 1963 assentiente
1976 1906 2232 1963 Domino
2288 1906 2405 1969 loci
2463 1911 2528 1959 et

460 1979 760 2037 Ordinarii
817 1981 1169 2035 auctoritate
1229 1980 1691 2049 interveniente,
1754 1977 2041 2033 accedant
2098 1976 2175 2032 ad
2228 1977 2529 2047 praedicta

456 2050 735 2108 Oratoria
769 2068 878 2122 pro
917 2051 1213 2106 audienda
1251 2052 1439 2107 Missa
1475 2051 1655 2106 etiam
1692 2050 1755 2104 in
1804 2048 2331 2120 adimplementum
2374 2064 2529 2118 prae-

458 2126 614 2193 cepti
652 2125 873 2179 festivi.
911 2124 1114 2193 Atque
1151 2125 1236 2177 ita
1273 2124 1584 2193 rescripsit
1622 2122 1718 2176 die
1754 2139 1790 2190 3
1826 2121 2087 2192 Augusti
2128 2120 2407 2190 1901.1ta
2431 2137 2527 2174 re—

458 2197 686 2264 peritur
723 2196 786 2248 in
822 2196 996 2250 Actis
1033 2212 1101 2248 ac
1158 2195 1442 2266 Regestis
1498 2194 1853 2248 Secretariae
1897 2191 2217 2248 Sacrorum
2273 2191 2525 2246 Rituum

456 2265 954 2338 Congregationis
991 2267 1100 2320 hac
1141 2266 1236 2320 die
1279 2268 1346 2320 18
1382 2265 1663 2320 Octobris
1703 2280 1857 2333 1901.

565 2383 681 2437 Pro
721 2384 794 2438 R.
833 2383 900 2438 P.
937 2381 1007 2436 D.
1046 2381 1317 2437 DIOMEDE
1354 2383 1567 2438 PAmc1
1602 2381 1863 2451 Arckiep.
1900 2379 2200 2435 Laodicen.
2237 2378 2450 2434 Secret.
2492 2401 2520 2428 n

1066 2455 1387 2508 Pfflmppus
1424 2455 1573 2510 CAN.
1610 2471 1668 2507 DI
1707 2453 1752 2506 F
1756 2469 1899 2520 AvA,
1938 2449 2307 2504 Substitutus.

598 2591 1019 2678 Ephemeris
1045 2591 1116 2660 ll
1142 2591 1487 2660 Mom'tore
1516 2590 1988 2660 Ecclesiastico
2042 2611 2209 2679 quae
2254 2588 2513 2657 Romae

471 2681 723 2761 editur,
749 2683 896 2770 ‘hoc
931 2703 1349 2768 responsum
1398 2682 1623 2768 palam
1674 2682 1841 2750 feeit
1887 2702 2130 2746 mense
2167 2679 2516 2746 Octobris

481 2791 672 2857 1901,
723 2781 791 2836 et
840 2771 1027 2836 hunc
1077 2770 1464 2858 praeposuit
1513 2773 1577 2838 ei
1627 2771 1899 2838 titulum
1932 2795 1953 2838 t

571 2934 597 2961 a
638 2912 850 2966 Anche
887 2913 906 2966 i
944 2911 1169 2966 Privati
1207 2912 1483 2980 Oratorii,
1524 2914 1620 2968 nei
1660 2913 1819 2983 quali
1869 2912 2001 2967 suol
2056 2911 2381 2966 convenire
2437 2928 2524 2964 un

462 2983 711 3054 qualche
751 3001 996 3038 numero
1037 2982 1096 3038 di
1134 2983 1329 3052 fedeli,
1368 3000 1476 3053 per
1515 2984 1810 3040 ascoltate
1835 2984 1894 3038 la
1917 2983 1977 3038 S.
2002 2983 2219 3046 Messa,
2248 2998 2521 3053 possono

458 3054 860 3108 considerarsi
898 3072 1068 3108 come
1107 3055 1558 3125 semipubblici;
1608 3074 1641 3109 e
1678 3055 1720 3109 11
1757 3055 2038 3110 Vescovo
2089 3057 2206 3124 puo
2256 3061 2524 3124 permet-

460 3126 614 3180 tervi
651 3126 708 3180 la
746 3125 1157 3182 celebrazione
1196 3126 1293 3180 del
1329 3124 1391 3180 S.
1430 3126 1755 3182 SacrifiziO.
1798 3149 1823 3177 n

571 3325 622 3390 1)
660 3323 980 3394 Exemplar
1015 3324 1420 3379 authenticum
1456 3324 1630 3394 hujus
1666 3323 2105 3394 postulationis,
2145 3323 2399 3377 comiter
2450 3323 2527 3378 ad

468 3409 582 3448 nos
619 3397 950 3449 transmisit
986 3396 1177 3450 Rmus
1215 3396 1286 3450 D.
1325 3396 1698 3451 secretarius
1735 3394 2075 3450 Vicariatus
2115 3393 2319 3450 Urbis».
