2713 4137
297 259 390 304 DE
438 259 522 304 ns
570 257 738 316 QUAE
771 257 998 304 MissAE
1033 258 1324 304 εει-ΕΒΗ.
1360 259 2028 314 PRAEREQUIRUNTUR
2103 261 2191 329 45

129 385 422 463 faciunt,
477 382 906 460 conceditur,
957 381 1150 468 quod
1198 381 1589 450 innumeris
1636 382 1715 451 S.
1746 383 1834 450 R.
1868 384 2193 472 Congre-

131 473 449 561 gationis
500 470 860 558 responsis
908 470 1226 537 firmatur
1273 471 1316 535 ¹.
1364 468 1441 536 In
1476 493 1642 542 casu
1678 495 1851 540 vero
1887 477 2195 543 necessi-

129 563 318 642 tatis,
356 573 597 627 vestes
634 580 858 626 sacrae
909 569 1259 646 ponantur
1307 581 1523 646 super
1578 574 1973 648 separatam
2001 587 2195 631 men-

135 675 289 719 sam
367 671 588 739 prope
640 649 908 728 Altare,
959 647 1094 728 vel,
1148 649 1205 714 si
1255 649 1412 714 haec
1460 671 1705 718 mensa
1755 651 1998 720 haberi
2053 675 2194 720 non

130 752 394 828 potest,
456 761 672 825 super
739 739 967 825 ipsum
1020 737 1288 818 Altare,
1363 739 1431 805 in
1504 760 1725 809 cornu
1792 739 2186 828 Evangelii,

131 853 276 896 non
328 830 397 895 in
469 827 723 906 medi0,
777 849 974 893 more
1002 826 1517 913 Episcoporum
1567 827 1611 895 ⁹.
1838 902 1847 912 ,

271 917 490 1002 Quod
539 929 771 984 autem
845 917 1102 983 debeat
1147 916 1300 1003 ipse
1370 915 1749 997 Sacerdos,
1823 929 1899 988 ut
1965 919 2193 985 innuit

140 1010 358 1077 citata
401 1006 736 1086 Rubrica‚
783 1006 1077 1072 Missam
1125 1005 1195 1070 in
1244 1004 1514 1072 Missali
1550 1028 1678 1092 per
1731 1008 1984 1087 uirere,
2035 1029 2195 1094 per-

131 1099 381 1184 legere
430 1108 500 1162 et
547 1097 855 1182 signare,
907 1096 1073 1160 item
1124 1115 1532 1181 praeparare
1596 1029 1931 1177 Czilicem,
1981 1097 2052 1164 id
2100 1097 2189 1164 ad

131 1187 459 1254 ordinem
511 1185 844 1272 ponitur;
897 1185 1051 1251 haec
1101 1185 1286 1250 enim
1355 1184 1585 1251 solent
1630 1185 1785 1254 fieri
1834 1189 1923 1255 ab
1971 1187 2193 1253 inser-

133 1275 498 1343 vientibus
569 1273 960 1342 Sacristiae.
1008 1271 1258 1360 Neque
1329 1276 1763 1344 contrarium
1835 1275 2191 1344 deducen-

135 1366 302 1433 dum
355 1375 482 1439 est,
535 1373 741 1450 prout
791 1363 874 1428 cl.
923 1361 1316 1448 Fumagalli
1352 1363 1657 1444 deducit,
1708 1387 1795 1434 ex
1844 1385 2194 1451 responso

134 1454 215 1525 S.
264 1453 352 1520 R.
412 1451 1015 1538 Congregationis
1095 1455 1183 1518 ab
1248 1455 1503 1520 eodem
1566 1453 1885 1522 Auctore
1957 1453 2190 1533 citat0‚

135 1543 404 1631 quippe
452 1541 642 1628 quod
715 1545 1310 1628 praeparationem
1364 1543 1651 1630 respicit
1698 1541 1976 1622 Calicis,
2025 1563 2188 1630 quae

134 1633 212 1700 fit
261 1652 480 1716 super
524 1630 755 1696 Altari
804 1631 872 1696 in
921 1631 1072 1718 ipsa
1119 1629 1339 1698 Missa
1389 1631 1684 1720 privata,
1733 1652 2037 1720 quaeque
2086 1654 2194 1698 re-

142 1743 321 1787 vera
373 1743 412 1786 a
462 1717 894 1786 Celebrante
943 1731 1053 1785 est
1097 1719 1419 1788 facienda
1470 1721 1514 1789 ⁸.

149 1851 156 1860 .
275 1807 491 1892 Quod
519 1809 668 1874 sine
696 1807 965 1875 Missali
998 1819 1065 1875 et
1092 1812 1503 1877 memoriter
1526 1810 1747 1884 Missa
1771 1809 2192 1889 celebretur,

135 1910 501 1985 tamquam
572 1897 891 1964 defectus
940 1909 1224 1964 notatur
1269 1901 1337 1966 in
1388 1899 1717 1970 Rubricis
1767 1900 1812 1980 ⁴,
1861 1909 1933 1965 et
1976 1899 2193 1964 inter-

136 1989 396 2055 dicitur
443 1987 856 2054 inservienti
904 1987 1182 2074 aperire
1230 1987 1485 2055 librum
1521 2009 1736 2079 super
1782 1986 2030 2056 Altare
2075 2007 2196 2074 po-

136 2079 352 2145 situm
404 2078 844 2143 et-invenire
890 2077 1182 2144 Missam
1232 2078 1276 2143 ⁶.

272 2188 385 2255 50.
437 2164 654 2231 Veste
703 2166 903 2233 talari
951 2167 1270 2232 indutum
1321 2188 1481 2233 esse
1530 2176 1810 2253 oportet
1856 2164 2192 2233 Celebra-

135 2268 376 2324 turum
426 2266 496 2320 et
560 2255 966 2321 calceatum.
1037 2255 1292 2322 Manus
1362 2257 1571 2323 etiam
1634 2255 1883 2329 lavare
1953 2255 2188 2335 debet,

137 2346 383 2413 dicens
418 2342 834 2411 Orationem
869 2345 1430 2413 convenientem.
1481 2344 1833 2415 Omittere
1879 2344 2062 2411 hanc
2093 2343 2194 2410 lo-

133 2434 405 2500 tionem
452 2443 648 2499 certo
695 2444 802 2499 est
865 2455 1108 2519 grave,
1160 2433 1219 2499 si
1289 2456 1538 2501 manus
1609 2435 1750 2505 sint
1819 2433 2023 2500 valde
2074 2434 2193 2499 im-

134 2522 424 2589 mundae
477 2521 545 2603 6;
595 2543 821 2604 secuS,
873 2523 1029 2589 leve
1080 2544 1220 2589 non
1270 2526 1549 2591 excedit
1596 2536 1667 2593 et
1710 2522 1895 2591 forte
1926 2521 2193 2589 nullum

237 2718 292 2787 1)
332 2716 396 2773 S.
431 2716 506 2774 R.
542 2718 607 2776 C.
641 2734 678 2788 9
714 2718 858 2788 Maji
897 2719 1052 2791 1857,
1092 2737 1152 2777 n.
1175 2736 1337 2792 3052,
1372 2719 1448 2774 ad
1485 2719 1538 2787 I;
1574 2716 1655 2773 ibi
1695 2716 1811 2773 alia
1834 2716 2094 2771 citantur
2116 2733 2206 2771 re-

126 2804 428 2929 ἦροὲῗῗῇο
465 2863 688 2919 Herdt.
733 2858 796 2915 S.
833 2860 945 2917 Lit.
979 2860 1216 2918 PraxiS.
1263 2864 1331 2920 T.
1368 2862 1420 2918 I.
1455 2879 1512 2916 n.
1550 2874 1702 2945 194..

232 2934 294 3001 3)
328 2935 704 3000 Fumagaui.
742 2931 1014 2987 Manuale
1063 2938 1163 2990 etc.
1203 2934 1270 2989 L.
1313 2933 1398 2989 II.
1443 2950 1495 2988 v.
1550 2930 1818 2987 thster
1860 2935 1959 2985 etc.
1997 2946 2053 2984 n.
2104 2946 2197 2992 II,

127 3003 326 3058 adnot.
364 3032 384 3043 ·
418 3001 478 3056 S.
517 3000 592 3056 R.
629 3001 694 3057 C.
735 3018 768 3071 7
808 3000 972 3071 Sept.
1015 3004 1170 3069 1816,
1211 3023 1267 3059 n.
1304 3020 1447 3074 2572
1487 3003 1561 3057 ad
1598 3001 1701 3057 VI.

236 3074 296 3143 4)
335 3072 502 3127 Miss.
541 3070 710 3127 Rom.
749 3071 840 3127 De
876 3074 1078 3147 desect.
1115 3078 1175 3129 in
1212 3075 1405 3130 celebr.
1461 3074 1663 3129 Missae
1702 3088 1928 3129 occurr.
1975 3072 2086 3128 Tit.
2122 3072 2198 3129 X.

123 3161 185 3198 n.
222 3160 278 3198 ι.
315 3142 402 3197 At
439 3143 637 3213 quoad
672 3149 986 3213 peccatum
1025 3146 1511 3201 controvertitur.
1568 3145 1657 3200 Cf.
1694 3146 1759 3201 S.
1798 3148 2199 3217 Alphonsus.

135 3215 194 3271 T
193 3214 343 3270 heol.
371 3214 522 3269 Mor.
561 3216 627 3269 L.
678 3214 783 3271 VI.
819 3233 876 3271 n.
890 3231 1034 3286 390·

235 3288 294 3357 5)
335 3285 395 3341 S.
433 3284 510 3341 R.
546 3284 612 3340 C.
652 3303 684 3358 7
725 3286 892 3356 Sept.
932 3288 1088 3357 1816,
1128 3305 1185 3343 n.
1220 3304 1364 3359 2572
1404 3287 1478 3341 ad
1517 3287 1591 3343 V.

149 3398 156 3402 -
230 3360 290 3427 6)
332 3359 397 3414 S.
440 3362 840 3430 Alphonsus.
888 3358 1075 3415 Theol.
1113 3360 1263 3415 Mor.
1290 3361 1356 3415 L.
1400 3358 1497 3413 VI.
1526 3377 1580 3413 n.
1607 3374 1760 3427 4⁰93
1798 3356 1880 3412 ibi
1907 3355 2086 3411 etiam
2114 3354 2195 3409 di-

121 3429 282 3483 citur
319 3427 545 3483 nullum
572 3444 711 3483 esse
736 3435 1048 3499 peccatum
1087 3431 1362 3487 omittere
1399 3430 1686 3484 lotionem
1734 3436 1873 3505 post
1930 3428 2195 3483 Missam.
