2713 4137
807 262 896 307 DE
939 249 1149 308 *MissA
1198 247 1274 307 lN'
1317 247 1589 306 GENERE
2136 239 2223 306 '1-1‘

177 383 512 469 liturgica
560 373 1779 470 generatimfflahfistimr,-nisi
1837 383 1927 449 sit
1978 373 2233 449 imme-³·

173 472 562 539 morabilis.
611 473 904 560 lnffiper
951 473 1336 540 admittitur
1392 473 1449 539 si
1499 473 1590 538 sit
1655 471 1769 538 vel
1815 473 2054 560 juxta,
2105 471 2217 538 vel

157 569 425 648 proeter
452 561 800 629 Rubricas
837 563 878 641 ¹,
912 562 1304 648 praesertim
1339 563 1397 628 si
1432 560 1691 628 cultum
1739 561 2048 628 divinum
2076 584 2216 628 non

172 651 446 730 minuit,
496 651 619 717 sed
670 663 904 738 auget.
959 649 1211 736 Contra
1257 673 1433 717 vero
1502 649 1804 716 Missalis
1871 649 2220 718 Rubricas

167 761 308 805 non
386 740 772 807 admittitur
833 740 1268 808 consuetudo
1317 739 1361 820 ²,
1476 759 1588 804 uae
1658 739 1888 825 potius
1958 741 2219 806 abusus

171 839 241 895 et
293 830 698 915 corruptela
769 829 1120 897 declarata
1188 828 1314 895 fuit
1363 852 1404 895 a
1515 827 1600 895 R.
1646 827 2105 895 Pontificibus
2153 829 2222 894 in

167 915 528 984 Brevibus
576 919 806 986 eidem
855 918 1122 985 Missali
1169 917 1501 1004 praefixiS,
1551 918 1681 984 nisi
1731 928 1985 1002 agatur
2016 918 2105 985 de
2138 939 2222 984 ea

169 1027 338 1094 quae
384 1020 524 1073 tam
575 1008 930 1096 generalis
979 1018 1106 1087 est,
1158 1019 1232 1072 ut
1265 1007 1517 1074 tacitus
1549 1005 1633 1073 R.
1667 1005 2028 1073 Pontificis
2060 1028 2223 1073 con-

172 1117 434 1162 sensus
484 1096 725 1164 haberi
779 1108 1154 1163 censeatur
1200 1095 1244 1162 ⁸.
1295 1095 1508 1179 Quod
1557 1097 1615 1162 si
1662 1095 1730 1161 in
1788 1094 2223 1180 particulari-

175 1186 310 1250 bus
360 1187 642 1252 casibus
690 1186 779 1252 de
819 1185 1144 1253 'tollenda
1175 1184 1479 1272 quadam
1516 1185 2023 1251 consuetudine
2056 1206 2222 1271 aga-

169 1285 308 1354 tur,
337 1275 532 1362 quod
557 1276 705 1341 sine
740 1274 1096 1354 scanda10,
1132 1274 1245 1340 vel
1278 1274 1741 1341 admiratione
1773 1273 1924 1340 fieri
1959 1275 2218 1361 nequit,

172 1364 689 1430 recurrendum
740 1376 847 1432 est
896 1363 984 1430 ad
1033 1362 1110 1432 S.
1169 1362 1842 1449 Congregationem,
1892 1384 2055 1450 quae
2101 1362 2223 1429 ali-

171 1453 460 1538 quando
508 1452 693 1520 illam
747 1453 1030 1520 tolerari
1085 1474 1293 1541 posse
1343 1452 1745 1520 declaravit.
2024 1461 2027 1464 ’

1003 1724 1275 1796 CAPUT
1341 1725 1419 1798 ll.

185 1868 318 1948 De
374 1868 818 1949 relatione
875 1865 1190 1950 Missae
1251 1885 1453 1948 cum·
1488 1867 1817 1948 Divino
1859 1863 2207 1948 Officio.

314 2103 418 2167 14.
465 2080 796 2149 Rubricae
848 2079 1235 2150 Generales
1281 2081 1589 2148 Missalis
1637 2081 2097 2147 exordiuntur
2130 2081 2217 2146 ab

173 2172 288 2238 his
334 2171 617 2238 verbis:
655 2200 686 2231 ιι
738 2170 956 2238 Missa
1003 2171 1315 2258 quotidie
1366 2171 1618 2238 dicitur
1680 2170 2063 2237 secundum
2113 2190 2215 2235 or-

171 2260 411 2327 dinem
461 2259 714 2340 Officii,
764 2261 853 2328 de
885 2260 1069 2327 festo
1101 2258 1402 2346 Duplici,
1436 2260 1550 2325 vel
1584 2258 2064 2345 Semiduplici,
2099 2258 2214 2325 vel

170 2348 536 2435 Simplici:
584 2349 672 2416 de
727 2348 1096 2416 Dominica
1157 2348 1272 2415 vel
1339 2347 1395 2413 F
1400 2349 1563 2428 eria,
1614 2348 1728 2415 vel
1774 2346 2052 2435 Vigilia,
2102 2347 2217 2414 vel

174 2436 495 2519 Octava;
568 2450 638 2506 et
705 2449 903 2505 extra
949 2439 1270 2505 ordinem
1321 2436 1575 2519 Officii,
1625 2435 1901 2518 Votiva,
1938 2436 2051 2503 vel
2085 2458 2215 2523 pro

175 2526 573 2594 DefunctiS.
629 2557 658 2588 n

307 2614 437 2682 Est
480 2616 698 2699 igitur
742 2618 984 2703 intima
1031 2616 1377 2683 connexio
1411 2615 1700 2682 Missam
1750 2614 1932 2680 inter
1981 2624 2048 2679 et
2095 2611 2218 2679 Di-

169 2704 416 2771 vinum
481 2704 829 2784 Officium,
896 2707 1007 2772 cui
1071 2705 1208 2785 illa,
1275 2704 1713 2791 regulariter,
1788 2702 2217 2771 conformari

172 2794 408 2861 debet.
457 2794 658 2877 Hine,
706 2794 1300 2883 quemadmodum
1349 2793 1647 2880 singulis
1698 2791 1971 2859 Officiis
2043 2791 2217 2858 reci-

273 3010 326 3075 1)
367 3005 457 3059 Ita
492 3006 738 3060 inducta
776 3012 871 3060 est
909 3006 1112 3075 praxis
1157 3005 1543 3077 abstergendi
1584 3023 1687 3059 ora
1712 3004 1929 3059 Calicis
1969 3010 2107 3075 post
2144 3004 2227 3058 in-

163 3077 463 3131 fusionem
501 3078 626 3131 vini
687 3084 749 3131 et
815 3094 1002 3147 aquae,
1061 3078 1136 3131 ad
1173 3076 1574 3144 Offertorium,
1672 3093 1807 3131 uam
1846 3077 2073 3147 praxim
2111 3076 2228 3129 lau-

164 3149 333 3203 davit
369 3149 432 3203 S.
469 3148 541 3203 R.
578 3147 642 3204 C.
680 3166 712 3220 7
751 3148 918 3219 Sept·
960 3148 1099 3201 1816
1137 3166 1192 3202 n.
1230 3164 1391 3219 2572,
1418 3148 1493 3202 ad
1531 3094 1691 3203 XIQ.

273 3221 332 3287 2)
371 3220 434 3277 S.
471 3219 544 3275 R.
581 3220 648 3275 C.
688 3236 755 3288 19
793 3219 951 3290 Aug.
991 3221 1147 3289 1651,
1187 3226 1256 3275 n.
1281 3237 1406 3291 937,
1448 3219 1523 3273 ad
1566 3220 1636 3275 II.

271 3293 330 3361 3)
369 3291 498 3345 Hoc
538 3292 861 3363 contigisse
907 3290 1223 3345 dicendum
1262 3300 1356 3345 est
1395 3291 1591 3359 quoad
1615 3290 1976 3345 intorticium
2014 3307 2246 3345 aecem.

165 3362 427 3416 dendum
458 3362 532 3416 ad
558 3362 1102 3428 Consecrationem,
1128 3379 1205 3415 ex
1229 3362 1413 3415 Rubr.
1439 3361 1556 3417 Rit.
1580 3379 1723 3417 serv.
1749 3363 1807 3415 in
1832 3361 2023 3418 celebr.
2049 3362 2218 3419 Miss,

173 3434 284 3489 Tit.
337 3429 508 3491 VIII.
544 3451 600 3489 n.
637 3434 694 3491 6.
731 3428 818 3489 C'f.
856 3432 1028 3499 S..R.
1064 3431 1140 3489 C.
1166 3449 1202 3501 9
1231 3432 1371 3503 Jun.
1409 3434 1563 3502 1899,
1602 3449 1855 3504 n.·4029,
1896 3432 1970 3487 ad
2007 3430 2078 3489 II.
