2713 4137
476 201 568 270 32
635 201 725 248 DE
771 200 856 246 us
900 198 1066 254 QUAE
1113 199 1340 248 MlssAE
1390 200 1679 246 CELEBR.
1724 195 2401 253 PRAEREQUERUNTUR

482 323 900 410 manipuluS,
929 322 1124 401 stola,
1160 324 1461 409 planeta.
1495 321 1681 388 Tres
1712 321 1987 407 priores
2020 323 2155 390 sub
2184 322 2555 409 generico

483 412 767 477 nomine
815 411 1294 478 linteaminum
1341 412 1653 490 veniunt,
1702 409 1859 478 aliae
1892 423 2039 477 tres
2073 412 2205 478 sub
2240 412 2555 478 nomine

483 512 1080 587 paramentorum.

616 611 726 677 39.
775 590 1111 670 AmictuS,
1161 591 1249 656 ab
1297 589 1595 667 amicire,
1646 610 1773 656 seu
1818 589 2173 676 cooperire,
2224 600 2335 655 est
2390 589 2549 674 pri-

480 701 672 746 mum
721 679 1200 746 indumentum
1251 699 1393 765 quo
1442 689 1669 764 caput,
1726 677 1887 744 dein
1960 678 2213 744 collum
2288 679 2545 744 statim

483 768 863 853 obtegitur,
912 769 1026 834 vel
1074 768 1267 854 quod
1315 768 1513 833 initio
1562 767 1823 856 Missae,
1873 767 1972 832 uti
2006 788 2161 833 mos
2192 779 2302 834 est
2335 767 2543 852 apud

479 855 885 942 Religiosos
933 858 1437 934 mendicanteS,
1488 878 1527 922 e
1577 855 1757 922 collo
1791 876 2004 941 super
2037 855 2379 922 humeros
2416 856 2543 922 de-

482 945 798 1011 mittitur.
845 945 1142 1012 Nonnisi
1191 967 1279 1010 ex
1325 944 1471 1010 lino
1520 945 1632 1011 vel
1665 946 1979 1010 cannabe
2012 944 2341 1012 dealbato
2376 966 2541 1032 per·

481 1033 797 1113 mittitur,
851 1035 868 1064 ¹
919 1055 1076 1099 cum
1126 1032 1346 1100 textili
1396 1033 2000 1118 ornato·ejusdem
2059 1034 2381 1100 materiae
2414 1033 2541 1100 vel

485 1122 733 1190 saltem
781 1121 1036 1188 coloris
1085 1135 1155 1188 et
1201 1144 1412 1188 cruce
1460 1124 1526 1188 in
1580 1123 1812 1188 medio
1874 1143 2005 1188 acu
2065 1124 2251 1208 picta
2298 1145 2340 1188 a
2405 1119 2539 1191 Sa-

483 1212 771 1278 cerdote
805 1211 1300 1290 deosculanda,
1328 1223 1538 1298 atque
1573 1210 1934 1277 chordulis
1957 1213 2213 1297 quibus
2238 1212 2535 1300 corpori

485 1301 983 1367 circumductis
1030 1299 1347 1366 firmatur
1395 1299 1439 1366 ².

580 1387 821 1469 -Alba,
871 1411 997 1456 seu
1044 1387 1346 1455 camisile
1416 1400 1525 1454 est
1580 1388 1797 1468 vestis
1844 1411 1884 1454 a
1932 1389 2115 1456 collo
2163 1389 2253 1456 ad
2300 1388 2535 1474 pedes

486 1477 820 1559 defluenS,
869 1501 1080 1565 quam
1113 1476 1432 1544 Romano
1466 1489 1742 1544 utentes
1777 1478 1913 1544 ritu
1946 1499 2157 1565 supra
2190 1479 2535 1544 amictum

482 1567 779 1633 induunt
826 1566 870 1633 ⁵.
915 1566 1003 1633 Et
1051 1567 1206 1632 haec
1254 1567 1467 1632 lintea
1518 1565 1631 1631 vel
1679 1588 1766 1632 ex
1814 1569 2130 1634 cannabe
2193 1565 2534 1634 dealbato

486 1655 576 1722 sit
623 1667 904 1741 oportet
942 1657 986 1736 ⁴,
1035 1666 1106 1722 et
1152 1667 1389 1754 partes
1438 1666 1794 1735 extremae,
1845 1656 1933 1723 ad
1981 1655 2256 1734 collum,
2300 1655 2531 1741 pedes

489 1756 697 1831 atque
746 1765 1015 1820 manuS,
1063 1745 1356 1828 adjectis
1407 1745 1644 1809 ornari
1678 1757 1976 1831 possunt
2021 1745 2361 1831 operibus
2394 1767 2530 1812 acu

486 1833 691 1919 pictis
737 1833 851 1898 vel
899 1831 1361 1910 transforatis,
1412 1834 1668 1916 quibus
1731 1834 2028 1920 supponi
2099 1833 2532 1919 permittitur

482 1921 744 1987 fundus
792 1922 996 2006 niger
1049 1920 1162 1987 vel
1233 1921 1440 1987 etiam
1521 1921 1873 1988 coloratus
1923 1923 1967 1990 ⁵.
2036 1921 2192 1989 Hoc
2262 1921 2528 2005 textile,

485 2031 701 2099 quum
749 2010 838 2076 ad
887 2022 1208 2077 ornatum
1257 2010 1703 2079 solummodo
1754 2022 2039 2099 spectet,
2091 2010 2221 2078 nisi
2269 2021 2525 2096 tamen,

485 2100 678 2187 quod
726 2121 863 2165 non
914 2100 1134 2178 decet,
1185 2102 1526 2185 majorem
1574 2101 1753 2167 albae
1803 2113 2074 2186 partem
2120 2101 2522 2183 constituat,

487 2210 626 2253 non
678 2189 1080 2254 necessario
1128 2210 1215 2254 ex
1262 2190 1508 2255 eadem
1559 2191 1852 2255 materia
1898 2211 1979 2256 ac
2026 2189 2183 2257 alba
2214 2210 2379 2257 esse
2413 2190 2526 2257 de-

488 2278 626 2355 bet,
677 2277 804 2343 sed
874 2276 1081 2343 etiam
1130 2298 1220 2343 ex
1264 2278 1603 2364 gossipio,
1652 2280 1901 2359 seric0,
1929 2289 2060 2345 etc.
2106 2278 2259 2345 fieri
2308 2298 2523 2364 posse

488 2366 923 2431 censendum
993 2376 1102 2431 est
1171 2366 1215 2432 ⁶.
1289 2365 1503 2450 Quod
1572 2368 1767 2433 vittae
1846 2367 2117 2449 sericae,
2196 2386 2523 2455 persaepe

588 2580 639 2647 1)
675 2576 737 2632 S.
776 2579 848 2633 R.
888 2579 952 2634 C.
987 2578 1161 2632 Decr.
1201 2576 1419 2633 Gener.
1461 2594 1525 2649 15
1566 2579 1723 2648 Maji.
1782 2581 1937 2648 1819,
1996 2599 2053 2635 n.
2106 2580 2267 2635 2600.
2326 2581 2530 2653 Neque

477 2648 616 2718 tela,
651 2649 772 2704 lino
811 2660 872 2704 et
910 2650 1173 2721 gossipio
1212 2651 1560 2719 composita,
1586 2667 1764 2721 quam
1788 2651 2045 2706 Mussolo
2070 2661 2312 2717 vocant,
2338 2669 2531 2723 neque

477 2719 593 2774 alia
628 2721 806 2790 vulgo
845 2722 1027 2794 Nipis,
1065 2720 1151 2773 uti
1187 2721 1343 2777 licet.
1382 2720 1442 2775 S.
1481 2722 1554 2777 R.
1590 2722 1655 2777 C.
1696 2739 1761 2793 15
1800 2722 1999 2777 Martii
2041 2723 2195 2792 1664,
2234 2740 2295 2778 n.
2345 2725 2522 2795 1²375

481 2808 549 2860 13
589 2792 742 2863 Aug.
783 2792 937 2862 1895,
978 2810 1034 2847 n.
1070 2792 1229 2861 3868.

583 2870 640 2933 2)
678 2864 1005 2917 chordulas
1045 2879 1279 2932 quoque
1319 2862 1539 2917 debere
1580 2880 1715 2917 esse
1752 2880 1829 2917 ex
1864 2865 1987 2919 lino
2022 2862 2121 2918 vel
2157 2864 2428 2918 cannabe
2452 2865 2529 2919 ait

477 2941 574 2994 De
612 2940 875 2992 Amicis.
914 2934 972 2988 Il
1004 2933 1264 2988 Parroco
1292 2935 1656 3004 provvedutO,
1678 2943 1812 3007 pag.
1853 2937 1890 2989 6
1880 2951 1941 3003 3,
1981 2944 2041 2989 at
2075 2935 2137 2990 id
2161 2934 2410 3006 praecipi
2434 2936 2529 2989 mi·

481 3008 642 3062 nime
680 3017 972 3076 putamus,
1012 3021 1145 3058 cum
1183 3004 1260 3058 ad
1296 3004 1382 3057 rei
1420 3005 1809 3059 substantiam
1852 3023 1974 3061 non
2010 3006 2367 3076 pertineant.

583 3082 641 3147 3)
681 3075 1064 3131 Ambrosiani
1102 3091 1173 3129 su
1217 3075 1598 3144 erimponunt
1637 3079 1912 3131 amictum
1953 3077 2122 3131 albae.

583 3151 641 3219 4)
679 3148 739 3204 S.
777 3149 848 3203 R.
886 3147 950 3202 C.
987 3146 1128 3201 Dec.
1224 3163 1389 3199 ener-
1428 3164 1492 3217 15
1534 3147 1671 3216 Maji
1714 3150 1866 3218 1819,
1906 3167 1964 3203 n.
2000 3150 2161 3203 2600.

585 3224 642 3291 5(
680 3220 741 3345 ἓ.
776 3220 852 3345 Rd
887 3218 1058 3343 &1112
1089 3217 1226 3288 Julii
1286 3218 1440 3285 1892,
1485 3237 1539 3272 n.
1593 3220 1753 3289 3780,
1786 3221 1885 3274 -ad
1924 3220 2020 3285 V;
2054 3236 2127 3289 24
2164 3218 2311 3273 Nov.
2373 3220 2526 3293 1899,

479 3308 538 3347 n.
725 3331 739 3357 ,
779 3309 814 3345 a
1006 3328 1044 3344 .-

581 3309 1052 3431 gfflrumagaui.
1089 3360 1364 3415 Manuale
1399 3366 1495 3414 etc.
1536 3358 1602 3414 P.
1643 3359 1726 3415 II.
1767 3378 1818 3415 v.
1855 3360 2021 3425 Alba,
2060 3361 2259 3417 adnot.
