2713 4137
491 275 579 318 22
658 273 747 318 DE
794 273 876 318 IIS
925 271 1083 328 QUAE
1129 269 1343 316 MISSAE
1389 269 1677 316 CELEBR.
1712 269 2377 327 PRAEREQUIRUNTUR

494 391 658 458 dem
704 391 952 456 unicus
1001 389 1091 456 sit
1136 389 1314 476 lapis
1367 389 1408 470 ¹,
1458 388 1578 475 qui
1627 397 1846 454 totam
1914 389 2273 456 constituit
2346 411 2552 455 men-

497 502 648 546 sam
695 490 767 546 et
828 500 976 546 suae
1048 479 1196 544 basi
1266 477 1584 544 adhaeret
1653 477 2219 558 inamovibiliter‚
2287 477 2551 546 Altare

496 569 750 636 dicitur
782 567 1015 657 fixum
1042 589 1058 646 ;
1110 568 1168 633 si
1214 566 1391 652 lapis
1440 588 1580 632 non
1631 565 1954 633 adhaeret
2001 568 2171 646 basi,
2243 567 2371 634 sed
2424 567 2553 634 hu-

485 657 607 745 jus
632 667 1005 724 structurae
1039 656 1192 723 solo
1217 655 1377 721 fixae
1404 665 1513 721 est
1538 657 2023 742 superpositus
2049 655 2549 737 amovibiliter,

498 747 798 814 habetur
862 745 1108 812 Altare
1177 743 1275 810 ad
1313 744 1543 810 instar
1572 743 1760 833 fixi;
1813 745 1871 810 si
1918 744 2224 826 tandem,
2274 755 2555 831 praeter

499 835 805 923 lapidem
854 834 1208 914 mobilem,
1257 833 1493 899 existit
1560 845 1630 899 et
1687 834 1875 900 basis
1942 855 2035 900 ex
2102 834 2297 920 ligno
2370 833 2421 914 ²,
2472 845 2555 900 ut

495 923 894 1012 plurimum,
941 922 1280 1003 confecta,
1331 923 1736 1009 pavimento
1784 944 1923 989 non
1975 922 2371 1002 adhaerenS‚
2426 923 2561 990 ha-

497 1015 705 1080 betur
748 1012 996 1079 Altare
1041 1009 1277 1077 mobile
1324 1033 1449 1076 seu
1486 1009 1825 1098 portatile.
1888 1011 2125 1099 Super
2154 1011 2555 1098 quodcum-

501 1124 643 1190 que
691 1124 779 1168 ex
827 1101 938 1167 his
983 1100 1146 1167 licet
1198 1100 1583 1167 celebrare.
1729 1111 1737 1119 ’

632 1211 740 1276 27.
789 1190 888 1256 At
931 1191 1220 1275 insuper
1267 1210 1356 1254 ex
1402 1189 1555 1274 ipsa
1586 1187 1897 1255 Rubrica
1927 1188 2283 1256 Missalis:
2338 1219 2368 1250 a
2424 1189 2561 1266 Al-‚

501 1288 741 1346 tare....
791 1279 1001 1345 debet
1048 1299 1294 1344 esse....
1345 1279 1434 1344 ab
1480 1277 1921 1364 Episcopo...
1956 1290 2473 1345 consecratum.
2516 1307 2555 1338 n

501 1366 698 1435 Idem
749 1368 1004 1435 dicitur
1051 1366 1139 1433 de
1187 1388 1309 1432 ara
1377 1367 1673 1453 lapidea.
1744 1364 1971 1433 Porro
2032 1367 2277 1434 Altare
2326 1368 2555 1434 fixum

503 1468 961 1523 consecratur
1029 1455 1457 1540 conjunctim
1527 1477 1687 1522 cum
1734 1477 1859 1522 sua
1933 1458 2101 1538 basi,
2158 1457 2267 1522 cui
2334 1457 2564 1524 debet

503 1547 692 1612 omni
743 1568 830 1613 ex
862 1555 1058 1631 parte
1092 1544 1483 1625 adhaerere,
1519 1544 1541 1576 ⁸
1574 1545 1669 1611 ita
1702 1555 1778 1610 ut
1824 1554 2195 1626 structura,
2228 1567 2445 1632 quam
2478 1569 2563 1612 o-

506 1646 739 1720 portet
785 1655 944 1700 esse
990 1633 1338 1720 lapideam
1386 1655 1516 1700 nec
1564 1633 1863 1710 lateritio
1911 1635 2044 1700 etsi
2095 1635 2411 1720 levigato
2461 1636 2562 1702 ad

502 1724 724 1789 instar
768 1723 1140 1790 marmoris
1172 1731 1426 1798 tectam
1461 1723 1504 1804 ⁴,
1540 1723 1871 1790 obtrudat
1900 1733 2123 1788 totum
2154 1723 2225 1789 in
2252 1723 2562 1790 circuitu

509 1813 830 1899 spatium,
880 1813 1205 1898 quamvis
1237 1813 1423 1877 intus
1478 1811 1738 1899 aliquid
1804 1834 2101 1878 vacuum
2136 1813 2266 1881 sub
2300 1834 2563 1879 mensa

504 1902 940 1988 relinquatur
973 1902 1016 1981 ⁵,
1066 1901 1184 1966 ubi
1247 1900 1576 1967 collocari
1639 1901 1862 1987 possit
1923 1923 2084 1967 arca
2146 1922 2307 1966 cum
2360 1900 2563 1968 Reli-

503 1991 690 2079 quiis
714 1990 1159 2068 Sanctorum,
1195 2011 1335 2055 non
1386 2012 1561 2056 vero
1586 1990 1965 2056 armarium
2000 1989 2089 2056 ad
2137 1989 2563 2077 reponenda

501 2092 915 2167 paramenta
949 2090 1078 2146 ete.
1132 2080 1176 2145 ⁶.
1210 2079 1459 2146 Altare
1492 2081 1580 2147 ad
1614 2080 1835 2145 instar
1867 2078 1984 2146 fixi
2019 2090 2088 2145 et
2122 2079 2379 2146 mobile
2418 2080 2561 2147 dis-

498 2169 799 2256 junctim
860 2193 899 2236 a
952 2169 1101 2235 basi
1172 2179 1628 2235 consecratur
1656 2190 1671 2246 ;
1720 2190 1940 2255 quare
1988 2178 2223 2255 potest
2269 2170 2358 2235 ab
2408 2191 2562 2237 una

507 2257 600 2333 ‚ad
647 2257 852 2324 aliam
918 2259 1136 2324 basim
1186 2252 1336 2323 tuto
1384 2257 1772 2323 transferri.

639 2346 925 2413 Nullum
993 2346 1243 2414 Altare
1313 2347 1711 2413 consecrari
1783 2344 1987 2426 valet,
2064 2345 2197 2412 nisi
2275 2346 2347 2411 in
2396 2346 2565 2433 ipsa

918 2646 982 2702 C.
1021 2664 1087 2716 17
1118 2646 1279 2717 Junii
1320 2648 1475 2717 1843,
1514 2665 1573 2702 n.
1608 2646 1766 2712 2862,
1807 2646 1883 2701 ad
1919 2646 1963 2701 Ι.

912 2718 976 2773 C.
1018 2735 1086 2771 10
1123 2719 1271 2773 Nov.
1309 2719 1465 2781 1612,
1507 2736 1562 2772 n.
1611 2734 1733 2786 303.

912 2789 977 2845 C.
1011 2806 1085 2843 20
1119 2790 1264 2845 Dee.
1296 2791 1459 2859 1864,
1499 2807 1553 2842 n.
1591 2789 1753 2857 3126.

907 2861 971 2915 C.
1013 2878 1080 2931 14
1116 2862 1259 2917 Dec.
1299 2862 1454 2928 1888,
1494 2879 1552 2915 n.
1575 2861 1736 2929 3698.

909 2931 973 2986 C.
1007 2934 1081 2986 28
1116 2933 1282 3002 Sept.
1323 2934 1477 3002 1872,
1517 2949 1573 2985 n.
1610 2933 1769 2999 3282.
2548 2946 2559 2949 ·

606 3006 664 3075 6)
701 3003 764 3058 S.
799 3003 873 3059 R.
909 3002 973 3057 C.
1011 3020 1083 3057 20
1119 3004 1262 3057 Dec.
1303 3004 1458 3072 1890,
1498 3020 1556 3057 n.
1592 3020 1752 3073 3741.
1796 3002 1885 3056 Ex
1939 3002 2051 3055 hoc
2106 3017 2406 3069 responso
2466 3018 2582 3056 ne·

501 3076 763 3147 gandum
801 3075 979 3129 etiam
1019 3074 1260 3130 videtur
1296 3076 1561 3129 construi
1616 3089 1796 3143 posse
1845 3072 2056 3127 Altare
2108 3072 2294 3127 fixum
2349 3089 2581 3128 mensa

505 3147 886 3217 superposita
923 3146 1271 3200 marmoreis
1329 3145 1655 3200 columellis
1710 3151 1958 3211 tantum,
2016 3150 2225 3199 contra
2281 3143 2344 3197 id
2400 3145 2581 3213 quod

493 3217 688 3273 innuit
724 3233 1081 3287 responsum
1119 3234 1151 3286 7
1189 3216 1343 3287 Aug.
1387 3219 1541 3287 1875,
1582 3217 1833 3285 n..3364,
1871 3216 1947 3270 ad
1985 3215 2057 3270 ΙΙ.
2115 3213 2292 3282 Quod
2330 3222 2577 3270 certum

501 3288 754 3343 habetur
791 3296 886 3343 est
921 3303 1191 3342 mensam
1241 3288 1461 3342 debere
1518 3288 1678 3341 omni
1733 3304 1809 3341 ex
1857 3293 2027 3357 parte
2062 3286 2194 3340 basi
2232 3285 2581 3355 adhaerere,

502 3376 687 3430 quare
725 3359 777 3414 si
813 3359 978 3413 basis
1016 3358 1160 3413 solis
1199 3358 1523 3413 columellis
1574 3358 1799 3413 confici.
1820 3357 2001 3427 valet,
2057 3364 2293 3427 oportet
2350 3357 2579 3411 harum

504 3430 779 3501 capitella
813 3431 898 3485 ita
935 3429 1178 3483 extendi
1216 3437 1280 3483 ut
1315 3430 1467 3500 ipsis
1505 3436 1631 3484 tota
1667 3429 1931 3499 undique
1966 3428 2226 3484 insideat
2266 3444 2500 3483 mensa.

707 2648 769 2703 S.
806 2647 881 2703 R.

702 2718 764 2774 S.
802 2719 876 2776 R.

701 2789 764 2846 S.
801 2790 874 2845 R.

699 2860 759 2915 S.
797 2862 870 2917 R.

701 2933 761 2987 S.
799 2933 871 2987 R.

605 2650 668 3003 2¹:222&
