2713 4137
458 160 552 207 DE
597 158 985 208 NONNULLIS
1033 158 1326 207 OFFICIIS
1372 159 1985 207 PARTICULARIBUS
2111 160 2239 228 119

187 279 478 367 speciali
523 280 976 369 prosequitur
1025 279 1299 347 honore
1347 277 1665 348 Sanctos·
1722 278 1901 361 illos,
1933 300 2238 369 quorum

183 369 539 457 Reliquiae
586 369 840 437 alicubi
887 378 1182 448 exstant,
1215 378 1288 435 et
1335 367 1624 455 quidem
1671 368 1745 437 in
1792 390 1878 437 eo
1925 367 2085 439 loco
2114 370 2240 439 ubi

185 480 308 526 eas
358 479 616 526 revera
663 458 1018 526 asservari
1066 456 1431 544 contingit.

317 544 411 613 Et
459 546 529 613 in
579 546 824 633 primis
871 544 1201 631 concedit
1247 546 1519 634 peragi,
1583 546 2048 615 determinata
2101 546 2237 629 die,

184 646 306 703 aut
356 634 752 715 Dominica,
802 634 986 704 infra
1036 656 1319 716 annum,
1368 634 1625 708 festum
1690 636 1999 703 omnium
2056 634 2243 704 Reli·

183 724 541 813 quiarum,
588 745 752 813 quae
799 725 870 791 in
903 723 1447 811 particularibus
1478 723 1819 793 Ecclesiis
1843 725 2243 793 custodiun-

182 822 324 881 tur.
373 813 496 880 Ad
544 812 679 880 hoc
728 824 966 881 tamen
1013 812 1274 881 festum
1324 814 1811 902 peragendum
1860 813 2245 902 requiritur

184 924 326 989 pro
373 901 679 988 singulis⁴
710 901 885 969 locis
919 902 1262 971 indultum
1293 901 1805 993 Apostolicum,
1891 924 1983 969 uo
2031 902 2245 970 etiam

184 992 368 1057 ritus
402 990 792 1080 praefinitur
825 991 957 1059 sub
989 1012 1132 1078 quo
1163 990 1334 1059 illud
1359 1001 1469 1058 est
1499 991 1825 1059 celebran
1879 1012 2020 1058 um.
2044 989 2241 1061 Idem

183 1078 454 1147 festum
502 1079 854 1167 primariis
915 1089 1024 1147 est
1070 1079 1615 1161 accensendum,
1664 1081 1792 1148 sed
1841 1078 2239 1162 mobilibus,

185 1189 356 1257 quae
403 1167 557 1235 sine
604 1167 875 1236 indulto
923 1190 1064 1237 non
1123 1166 1661 1236 transferuntur.

329 1255 629 1343 Insuper
675 1257 998 1325 concedit
1044 1267 1120 1323 ut
1165 1256 1254 1324 de
1286 1256 1582 1343 singulis
1612 1256 1918 1338 SanctiS,
1962 1257 2081 1325 ubi
2110 1256 2244 1327 Re·

182 1344 430 1432 liquiae
499 1366 744 1413 eorum
797 1355 1270 1427 asservantur,
1316 1343 1577 1413 festum
1639 1355 2046 1434 peragatur,
2111 1368 2240 1416 sua

187 1432 543 1521 cujusque
592 1434 727 1516 die,
777 1432 1066 1523 speciali
1109 1434 1268 1501 ritu.

332 1542 479 1609 157.
529 1526 863 1590 Attamen
931 1544 1070 1590 non
1132 1521 1662 1611 qualiscumque
1731 1522 1889 1591 Reli
1945 1523 2059 1591 uia
2119 1523 2241 1611 jus

187 1611 448 1678 tribuit
475 1610 811 1680 Sanctum
847 1610 1121 1679 colendi
1155 1611 1440 1701 speciali
1468 1611 1605 1679 hoc
1638 1612 1796 1694 ritu,
1822 1632 1899 1679 se
1973 1623 2243 1681 tantum

195 1720 367 1789 quae
399 1712 512 1767 est
533 1700 855 1789 zhsaegm’s.
886 1699 1205 1787 Insignes
1238 1710 1473 1768 autem
1506 1711 1929 1769 censentur:
1960 1722 2241 1791 corpuS,

191 1800 431 1875 caput,
483 1789 867 1869 brachium,
916 1789 1069 1856 sive
1117 1789 1493 1876 integrum,
1536 1789 1687 1857 sive
1719 1787 2055 1857 alterutra
2088 1789 2245 1877 ejus

188 1898 362 1965 pars
435 1888 505 1944 et
551 1898 736 1946 crus.
813 1877 989 1945 Item
1051 1877 1185 1945 insi
1243 1899 1371 1945 nes
1442 1878 1833 1947 habentur:
1896 1899 2047 1966 peS,
2094 1900 2241 1961 cor,

189 1988 470 2048 manuS,
519 1964 759 2053 lingua
793 1966 836 2047 ¹,
885 1966 1170 2033 dummo
1227 1988 1270 2034 o
1317 1979 1437 2036 aut
1472 1968 1745 2035 intactae
1781 1990 1871 2034 ex
1902 1967 2240 2036 miraculo

186 2066 729 2136 conserventur,
755 2065 873 2124 aut
897 2056 1039 2123 sint
1061 2066 1300 2144 partes
1332 2056 1402 2124 in
1427 2056 1683 2145 quibus
1707 2055 1995 2144 speciali
2021 2056 2236 2125 modo

183 2144 500 2215 Sanctus
567 2143 842 2232 Martyr
894 2167 1146 2231 passus
1194 2145 1425 2214 fuerit.
1481 2144 1765 2214 Ceterae
1820 2156 2059 2235 partes
2106 2145 2238 2214 m'i-

188 2254 410 2301 nores
458 2255 817 2322 nunquam
866 2243 942 2301 ut
986 2234 1305 2321 insignes
1352 2235 1914 2302 considerantur.

325 2321 603 2389 Praeter
649 2324 786 2390 hoc
834 2322 1213 2410 requiritur
1279 2324 1473 2410 quod
1544 2322 1870 2410 Reliquia
1943 2323 2072 2391 insi
2131 2323 2240 2392 nis

195 2412 290 2479 sit
337 2412 740 2479 authentice
788 2412 1086 2500 probata
1130 2423 1202 2478 et
1247 2412 1639 2499 recognita,
1686 2410 1880 2500 quod
1926 2412 2017 2480 ad
2120 2433 2243 2479 an—

191 2512 386 2568 ctum
437 2512 708 2588 spectet
753 2500 1237 2567 canonizatum
1306 2512 1519 2588 atque
1587 2500 1656 2567 in
1728 2499 2243 2588 Martyrologio

189 2589 510 2669 relatum,
562 2601 632 2658 et
677 2589 869 2678 quod
917 2589 986 2656 in
1043 2587 1360 2657 Ecclesia
1406 2591 1581 2679 ipsa,
1629 2589 1747 2657 ubi
1816 2588 2071 2658 festum
2142 2589 2240 2673 fit,

187 2677 641 2746 habitualiter
688 2677 1147 2746 custodiatur.

327 2766 478 2854 158.
510 2765 642 2834 His
674 2766 921 2854 positis
966 2767 1509 2848 conditionibuS,
1538 2767 1720 2834 illius
1744 2765 2007 2847 Sancti,
2038 2765 2241 2854 cujus

185 2866 421 2923 exstat
468 2855 768 2942 insignis
813 2854 1162 2943 Reliquia,
1209 2855 1471 2923 festum
1520 2857 1886 2943 peragitur
1918 2856 2050 2922 sub
2096 2856 2235 2922 ritu

185 2943 472 3032 Duplici
521 2944 813 3026 minore,
863 2944 995 3012 nisi
1044 2945 1224 3012 ritus
1273 2944 1482 3013 altior
1526 2944 1808 3012 aliunde
1856 2945 1922 3012 ei
1981 2942 2240 3011 debea-

288 3174 344 3243 1)
381 3173 447 3231 S.
483 3173 560 3230 R.
596 3172 661 3230 C.
696 3191 768 3245 27
796 3174 961 3245 Junii
1002 3176 1158 3245 1899,
1198 3192 1257 3230 n.
1292 3191 1453 3248 4041,
1493 3173 1569 3230 ad
1609 3147 1661 3231 1.'
1691 3173 1761 3231 11.
1800 3174 1898 3233 111.
1924 3207 1993 3216 -
2020 3175 2247 3232 Ibidem

172 3253 270 3370 {23
287 3245 830 3372 drgonngsszninatur,
870 3253 931 3302 at
969 3264 1092 3302 non
1127 3244 1369 3302 videtur
1407 3245 1483 3302 de
1520 3263 1593 3301 eo
1634 3246 1809 3302 aliter
1868 3247 2251 3304 sentiendum
