2713 4137
464 195 552 263 52
629 196 718 242 DE
765 195 849 242 us
896 195 1054 252 QUAE
1101 195 1653 244 MISSAE.CELEBR.
1690 197 2349 254 PRAEREQUIRUNTUR

461 320 688 386 maior
717 330 825 386 est
872 318 1265 400 celebritas,
1300 340 1388 385 eo
1422 319 1656 384 minor
1686 318 2102 407 plerumque
2135 320 2321 387 solet
2356 344 2527 389 esse

460 409 852 475 sinceritas,
898 406 1244 474 Vinorum
1308 407 1726 474 adulteratio
1795 410 2055 475 nostris
2115 409 2373 477 diebus
2425 434 2517 478 eo

462 498 748 564 omnino
797 497 1138 583 pervenit,
1188 507 1262 563 ut
1310 497 1400 562 de
1473 497 1875 563 sinceritate
1938 498 2080 564 vini
2150 498 2265 565 ille
2318 501 2526 567 solus

457 587 685 672 possit
729 607 890 652 esse
940 607 1252 666 securuS,
1300 587 1423 673 qui
1474 586 1640 666 suis,
1689 598 1811 651 aut
1880 586 2126 653 saltem
2199 589 2525 656 fiditissi-

459 697 734 742 morum
781 674 1024 756 oculiS,
1071 673 1292 761 ipsius
1339 675 1479 741 vini
1529 673 2066 756 confectionem,
2130 698 2525 745 conserva-

456 764 739 845 tionem,
789 775 1002 852 atque
1049 786 1135 830 ex
1184 785 1325 830 uno
1359 765 1431 830 in
1465 763 1675 830 alium
1710 762 1941 830 locum
1975 765 2517 834 translationem

456 853 712 921 videat.
739 851 931 921 Olim
963 855 1053 920 ab
1080 874 1282 940 aqua,
1317 875 1502 920 nunc
1536 875 1575 918 a
1603 853 1919 920 chemice
1952 854 2341 922 timendum
2380 869 2516 924 est.

588 942 1042 1029 Quapropter
1120 943 1436 1028 cogitent
1512 941 1815 1009 Parochi
1894 942 1982 1009 de
2061 965 2138 1009 re
2218 947 2513 1012 maximi

452 1031 789 1098 momenti
839 1033 950 1098 hic
1001 1032 1138 1117 agi,
1188 1029 1277 1096 de
1327 1030 1683 1098 validitate
1733 1053 1987 1118 nempe
2036 1031 2383 1101 Sacrificii
2437 1049 2511 1101 et

454 1120 543 1187 de
589 1120 1179 1188 inenarrabilibus
1224 1120 1769 1206 consequentiiS,
1818 1141 1980 1209 quae
2027 1122 2282 1188 exinde
2339 1145 2510 1208 pro-

449 1207 696 1289 fluunt;
744 1231 922 1296 quas
972 1210 1029 1275 si
1080 1220 1230 1276 tuto
1276 1207 1492 1274 velint
1538 1230 1812 1289 cavere,
1864 1209 2039 1276 nihil
2087 1221 2327 1292 restat,
2368 1213 2506 1278 nisi

451 1309 525 1364 ut
571 1299 704 1385 ipsi
752 1297 943 1364 domi
989 1319 1138 1364 suae
1188 1297 1431 1364 vinum
1478 1318 1608 1383 pro
1652 1296 2018 1366 Sacrificio
2052 1298 2299 1366 Missae
2335 1323 2509 1367 con-

448 1386 705 1454 ficiant.
753 1385 1021 1453 Verum
1066 1409 1204 1456 non
1257 1384 1487 1452 solum
1535 1386 1623 1453 ad
1673 1387 2168 1468 sinceritatem,
2228 1389 2359 1455 sed
2432 1401 2510 1456 et

445 1477 538 1543 ad
616 1475 1006 1542 custodiam
1085 1474 1370 1542 sedulas
1448 1495 1657 1540 curas
1732 1474 2036 1542 Parochi
2114 1478 2507 1544 extendant

448 1575 748 1652 oportet,
797 1586 884 1631 ne
934 1566 1187 1632 iterum
1236 1563 1604 1630 sinceritas
1651 1563 2103 1650 periclitetur.
2155 1564 2342 1649 Quae
2394 1588 2511 1633 cu·

448 1653 675 1720 stodia
708 1665 856 1720 tum
890 1654 1100 1733 domi,
1150 1666 1298 1720 tum
1333 1653 1732 1738 praesertim
1765 1653 1833 1718 in
1870 1652 2231 1722 Sacristiis
2265 1654 2504 1721 locum

449 1743 714 1810 habere
762 1743 991 1824 debet,
1043 1763 1132 1808 ne
1165 1763 1294 1828 per
1325 1741 1883 1819 inservientium,
1918 1742 2313 1809 aliorumve
2348 1745 2505 1811 sive

445 1832 798 1912 malitiam,
827 1832 978 1898 sive
1027 1830 1591 1918 imprudentiam,
1626 1828 1889 1918 aliquid
1940 1852 2147 1897 secus
2182 1833 2468 1899 eveniat
2481 1857 2501 1914 ;

444 1943 574 1988 nec
624 1920 920 2007 proinde
969 1919 1342 1989 Sacerdoti
1392 1919 1709 1986 sacristae
1746 1920 1949 1986 unice
1985 1921 2138 1987 haec
2172 1921 2503 1988 custodia

446 2009 947 2077 committenda
995 2009 1308 2076 videtur:
1354 2036 1385 2066 n

572 2098 790 2165 Hisce
859 2099 1144 2165 monitis
1217 2107 1611 2165 consonant
1691 2098 2120 2183 nuperrimae
2196 2096 2497 2166 Litterae

439 2185 514 2255 S.
552 2187 788 2254 Officii
823 2188 864 2266 ¹,
892 2188 1146 2275 quibus
1171 2187 1519 2254 excitatur
1551 2183 2097 2256 Ordinariorum
2124 2186 2494 2273 vigilantia

440 2298 653 2363 super
701 2275 1213 2343 confectionem
1260 2275 1577 2343 materiae
1626 2275 1716 2341 ad
1786 2273 2229 2343 Sacrificium
2302 2290 2493 2363 aptae

439 2377 508 2430 et
553 2386 777 2451 grave
823 2365 1172 2431 indicatur
1218 2364 1611 2452 periculum
1661 2386 1815 2430 eam
1879 2364 2265 2431 adhibendi
2326 2388 2492 2452 quae

437 2477 476 2520 a
524 2454 1037 2521 mercatoribus
1085 2453 1353 2520 venalis
1404 2453 1801 2519 exhibetur.

1240 2651 1673 2723 CAPUTW.

625 2774 756 2851 De
811 2776 1218 2873 tempore
1277 2771 1795 2852 celebrandi
1850 2770 2264 2885 Missam.

561 3004 672 3072 57.
727 2983 1020 3071 Tempus
1091 2984 1248 3050 heic
1317 2982 1775 3069 intelligimus
1848 2983 1999 3050 sive
2071 2982 2243 3063 dies,
2318 2983 2479 3050 sive

433 3075 669 3154 horaS,
719 3073 975 3161 quibus
1023 3071 1387 3139 celebrare
1437 3071 1619 3139 licet.
1747 3134 1753 3141 .

565 3161 819 3247 Quoad
867 3161 1038 3242 dies,
1088 3162 1159 3227 hi
1208 3172 1372 3227 sunt
1416 3160 1532 3227 vel
1577 3160 1899 3250 liturgici,
1933 3161 2189 3249 quibus
2222 3160 2472 3228 Missae

375 3343 382 3352 ’
453 3332 459 3337 ¹
530 3363 581 3427 1)
621 3357 686 3412 C.
724 3356 786 3412 S.
825 3356 897 3411 Ο.
935 3373 1006 3425 30
1044 3356 1200 3426 Aug.
1242 3372 1397 3425 1901.
