2713 4137
617 217 706 262 DE
752 217 1142 264 NONNULLlS
1189 218 1535 264 PARTIBUS
1583 219 1809 266 MlssAE
2148 178 2231 286 75

969 450 1244 522 CAPUT
1305 453 1473 523 VIII.

185 610 322 690 De
379 610 512 689 Ite
571 609 865 691 Missa
921 615 1106 704 est,
1159 611 1268 690 de
1333 611 1652 692 ultimo
1716 611 2219 714 Evangelio

462 758 573 815 ac
633 737 741 818 de
797 737 1216 837 precibus
1273 743 1489 839 post
1543 737 1954 820 Missam.

319 968 426 1052 78.
477 968 736 1036 Ultima
787 968 1132 1035 Oratione
1185 970 1496 1048 recitata,
1546 969 1936 1036 Celebrans
1983 970 2052 1036 in
2092 993 2237 1036 me-

183 1059 304 1124 dio
354 1057 582 1124 Altari
632 1080 707 1124 se
757 1060 970 1124 vertit
1025 1059 1114 1124 ad
1178 1059 1512 1145 populum
1588 1081 1889 1145 eumque
1956 1060 2239 1125 dimittit

185 1169 316 1232 per
365 1149 614 1213 verba:
663 1147 766 1214 Ite
827 1147 1061 1214 Missa
1133 1156 1249 1228 est,
1321 1149 1599 1233 quoties
1656 1149 1725 1213 in
1787 1147 2026 1227 Missa,
2086 1149 2236 1215 sive

183 1237 345 1310 haec
393 1236 840 1322 respondeat,
891 1237 1041 1302 sive
1093 1260 1254 1316 non,
1283 1236 1562 1318 Officio,
1606 1237 1835 1303 dictus
1882 1249 1990 1303 est
2039 1238 2238 1322 hym·
2318 1289 2321 1294 .

185 1348 322 1390 nus
375 1323 611 1392 Gloria
659 1325 730 1391 in
777 1325 1060 1391 excelsis
1121 1325 1234 1407 (cf.
1281 1349 1345 1392 n.
1393 1327 1526 1414 63),
1592 1326 1861 1392 addens
1920 1326 2060 1392 duo
2119 1325 2237 1394 Al-

183 1413 397 1502 leluja
455 1437 494 1479 a
565 1413 880 1482 Sabbato
942 1413 1208 1482 Sancto
1270 1415 1358 1481 ad
1418 1414 1810 1483 Sabbatum
1880 1414 1951 1479 in
2008 1414 2237 1482 Albis.

187 1503 430 1587 Quum
501 1525 674 1570 vero
735 1505 1040 1589 hymnus
1089 1505 1482 1591 Angelicus
1540 1505 1843 1572 omissus
1888 1503 2037 1584 fuit,
2098 1526 2237 1571 non

182 1593 300 1659 illa
350 1594 570 1659 verba
627 1592 1101 1679 proferuntur,
1173 1595 1300 1661 sed
1362 1594 1860 1660 Beuedz'camus
1922 1592 2237 1673 Domino,

181 1694 255 1746 et
303 1682 588 1768 quidem
635 1681 814 1748 facie
864 1704 1074 1748 versa
1123 1683 1212 1750 ad
1257 1682 1529 1750 Altare.
1577 1681 2067 1768 Repetendum
2131 1693 2240 1748 est

185 1772 325 1836 hoc
377 1772 468 1836 ab
522 1772 806 1858 antiqua
863 1771 1252 1858 disciplina,
1323 1794 1463 1859 qua
1534 1784 1696 1859 post
1763 1771 2019 1837 Missas
2067 1792 2240 1856 prae-

183 1859 433 1926 sertim
488 1858 791 1941 ferialeS,
861 1861 926 1926 in
999 1863 1253 1948 quibus
1337 1862 1603 1946 hymno
1673 1861 2028 1946 Angelico
2098 1882 2239 1927 non

185 1959 344 2014 erat
391 1948 608 2029 locus,
659 1949 980 2036 populuS,
1031 1950 1145 2016 vel
1194 1951 1440 2017 saltem
1493 1949 1749 2018 Clerus
1796 1949 1862 2014 in
1923 1948 2243 2015 Ecclesia

185 2039 520 2105 manebat
551 2059 680 2125 pro
711 2037 1090 2106 fundendis
1125 2041 1455 2128 precibus
1488 2037 1928 2127 longioribus
1955 2061 1970 2119 ;
2020 2059 2240 2126 quare

191 2148 332 2193 non
384 2127 679 2193 dabatur
725 2128 1062 2195 dimissio,

327 2216 403 2282 Iri
453 2216 670 2282 Missa
718 2229 948 2284 autern
1001 2222 1088 2285 de
1138 2217 1491 2302 Requiem,
1542 2239 1705 2304 quae
1754 2227 1898 2283 tota
1948 2228 2055 2283 est
2110 2237 2238 2303 pro

193 2304 587 2384 DefunctiS‚
637 2328 724 2371 ex
779 2308 1068 2393 antiqua
1137 2307 1452 2393 generali
1526 2305 2059 2384 consuetudine,
2116 2327 2241 2390 per

192 2392 544 2460 Rubricas
589 2394 749 2461 inde
798 2395 1091 2475 firmata,
1137 2396 1401 2463 dicitur
1448 2395 1910 2480 Requieseant
1952 2394 2023 2459 in
2051 2402 2238 2479 pace,

196 2505 495 2549 numero
543 2483 792 2569 plurali
827 2486 959 2550 etsi
993 2506 1121 2571 pro
1156 2507 1295 2551 uno
1337 2496 1604 2550 tanturn
1638 2485 1858 2551 Missa
1890 2484 2242 2551 celebrata

193 2570 450 2650 fuerit;
501 2594 730 2658 neque
788 2574 972 2639 enim
1033 2574 1334 2660 populus
1392 2574 1868 2653 dimittendus,
1942 2594 2097 2639 cum
2168 2572 2238 2637 in

194 2659 519 2726 Ecclesia
570 2661 823 2728 sistere
872 2663 1128 2728 debeat
1177 2684 1307 2749 pro
1341 2661 1733 2729 Cadaveris
1768 2662 2119 2730 delatione
2151 2659 2239 2725 ad

195 2749 653 2835 sepulturam.
1794 2828 1801 2835 ,

329 2859 436 2923 79.
509 2839 680 2905 Post
728 2836 1330 2919 Benedictionem,
1406 2841 1520 2905 vel
1590 2850 1750 2926 post
1821 2837 2239 2904 Orationem

192 2924 482 2993 Placeat
524 2926 660 3006 tibi,
708 2935 846 3007 etc„
898 2929 956 2994 si
1005 2929 1120 2996 illa
1167 2928 1400 2996 danda
1451 2951 1588 2995 non
1626 2937 1753 3007 est,
1788 2938 1863 2993 ut
1894 2927 1964 2992 in
2000 2926 2239 2992 Missis

191 3016 286 3082 de
345 3014 697 3100 Requiem,
755 3014 1146 3085 Celebrans
1202 3018 1522 3105 procedit
1583 3017 1848 3103 junctis
1918 3016 2241 3082 manibus

192 3104 283 3170 ad
320 3126 540 3171 cornu
572 3104 958 3192 Evangelii,
992 3107 1249 3195 ibique,
1285 3107 1474 3173 dicto
1507 3106 1848 3173 Dominus
1878 3102 2239 3182 vobiscum,

193 3195 649 3281 prosequitur
697 3195 983 3262 dicens:
1033 3196 1338 3276 Initium,
1412 3196 1526 3262 vel
1578 3192 1948 3278 Sequentia
2003 3192 2256 3259 Sancti

194 3280 579 3370 Evangelii,
629 3292 745 3349 etc.
793 3285 1064 3351 interea
1114 3286 1405 3370 signans
1454 3283 1705 3372 pollice
1740 3282 2052 3350 dexterae
2101 3303 2246 3346 ma-

196 3391 331 3437 nus
377 3371 644 3439 Altaris
693 3393 1031 3455 mensam,
1081 3373 1196 3440 vel
1231 3374 1518 3454 librum,
1575 3384 1646 3440 et
1699 3372 1863 3438 inde
1933 3372 2249 3458 seipsum-
