2713 4137
462 190 548 257 74
939 191 1030 236 DE
1077 189 1319 236 Divino
1370 189 1646 235 omem
1694 188 1761 234 IN
1807 187 2050 236 SPECOE

463 314 661 383 ducit
709 323 779 379 et
827 310 940 379 die
1009 333 1094 400 31
1147 310 1567 378 Decembris
1641 310 1900 378 desinit
1952 310 1998 376 ¹.
2042 308 2142 375 At
2191 310 2346 376 dies
2401 312 2537 397 qui

463 427 505 473 a
554 402 785 469 media
832 411 1038 468 nocte
1085 401 1175 468 ad
1223 400 1528 466 mediam
1578 409 1855 465 noctem
1907 398 2087 465 civili
2134 397 2297 485 jure
2330 420 2537 465 com·

464 502 764 581 putatur,
815 511 974 556 cum
1021 500 1253 556 tamen
1288 490 1525 575 agitur
1555 489 1643 555 de
1691 486 2058 555 effectibus
2090 488 2531 576 quibusdam

464 580 828 667 liturgiciS,
878 600 944 646 v.
993 603 1062 666 g.
1099 580 1186 646 de
1219 576 1681 664 Indulgentiis
1718 577 2093 658 lucrandiS,
2126 598 2288 664 quae
2308 575 2533 661 juxta

465 678 837 738 consuetas
893 667 1240 735 clausulas
1292 667 1796 747 conceduntur,
1837 687 1917 732 ac
1966 666 2054 733 de
2106 665 2385 733 Officiis
2420 668 2531 733 di-

465 760 648 827 vinis
716 756 1233 843 persolvendis,
1307 766 1756 841 computatur
1826 778 1864 821 a
1914 776 2213 841 vespere
2260 756 2347 822 ad
2401 777 2529 822 ve-

466 870 770 936 sperem,
848 847 1058 932 quod,
1126 845 1539 930 Judaeorum
1596 845 1797 910 *mori
1878 844 2242 911 cohaeret:
2324 872 2355 903 ιι
2444 846 2527 911 A

464 958 765 1023 vespera
831 956 1053 1022 usque
1122 935 1212 1002 ad
1266 955 1640 1020 vesperam
1710 933 2153 1000 celebrabitis
2200 932 2535 1001 Sabbata

465 1041 707 1093 vestra
760 1053 791 1085 n
848 1023 893 1090 ².

1298 1222 1571 1293 CAPUT
1620 1224 1697 1294 ΙΙ.

937 1374 1065 1454 De
1122 1371 1468 1451 Officiis
1524 1371 2031 1452 Adventus·

602 1580 712 1645 93.
761 1558 1118 1626 Adventus
1151 1568 1260 1625 est
1304 1569 1583 1643 tempus
1618 1578 1916 1636 sacrum,
1952 1555 2143 1642 quod
2176 1558 2533 1641 praecedit

468 1645 922 1714 Nativitatem
961 1646 1132 1732 Jesu
1180 1646 1445 1715 Christi
1522 1657 1593 1711 et
1662 1645 1729 1709 in
1800 1644 2118 1721 Ecclesia
2189 1643 2525 1713 Romana

471 1735 708 1823 incipit
739 1759 779 1802 a
805 1735 1196 1815 Dominica,
1223 1756 1386 1822 quae
1412 1736 1701 1820 propior
1734 1745 1842 1800 est
1872 1731 2055 1799 festo
2085 1732 2164 1800 S.
2196 1734 2530 1802 Andreae

468 1824 793 1910 Apostoli
845 1830 957 1912 (30
1003 1824 1475 1908 Novembris),
1524 1822 1638 1889 vel
1684 1824 1752 1888 in
1805 1824 1938 1890 hoc
1996 1821 2259 1889 incidit.

604 1913 898 2000 Triplex
931 1913 1197 1981 Christi
1229 1914 1604 1979 Adventus
1630 1912 1765 1977 hoc
1794 1923 2113 1997 tempore
2140 1910 2476 1978 recolitur
2504 1937 2527 1979 z

471 2025 742 2090 nempe,
792 2004 1060 2091 primus
1106 2025 1248 2090 quo
1280 2001 1498 2068 Filius
1532 2002 1666 2070 Dei
1700 2000 1927 2066 factus
1960 2000 2175 2066 homo
2208 2001 2527 2067 nascitur

472 2094 754 2173 mundO,
836 2094 1021 2159 hunc
1101 2092 1595 2178 redempturus
1622 2114 1640 2172 3
1713 2091 1908 2171 alter,
1982 2111 2122 2175 quo
2184 2089 2528 2159 Salvator

475 2182 924 2267 spiritualiter
993 2182 1304 2248 nascitur
1381 2183 1605 2260 nobis,
1688 2201 1817 2246 nos
1898 2178 2463 2246 sanctificaturus
2496 2204 2515 2261 ;

473 2272 742 2348 tertiUS,
769 2292 910 2356 quo
944 2269 1272 2337 Christus
1308 2271 1539 2336 veniet
1572 2291 1731 2335 cum
1764 2269 1990 2355 gloria
2040 2281 2200 2354 post
2233 2269 2527 2351 saecula,

475 2360 845 2424 universos
895 2359 1214 2424 homines
1254 2359 1719 2445 judicaturus.

611 2446 872 2530 Quare,
921 2459 995 2513 ut
1042 2448 1130 2513 ad
1163 2448 1348 2513 hunc
1386 2448 1729 2534 triplicem
1761 2446 2174 2512 Adventum
2218 2446 2350 2513 rite
2383 2445 2523 2512 dis-

576 2715 625 2781 1)
666 2713 820 2767 Olim
861 2730 1053 2768 annus
1091 2713 1281 2767 civilis
1317 2713 1638 2782 incipiebat
1677 2713 1771 2766 die
1811 2713 1852 2767 Ι.
1892 2712 2105 2769 Martii.
2131 2711 2313 2781 Cujus
2341 2715 2535 2770 moris

448 2786 781 2855 vestigium
823 2793 1070 2854 apparet
1110 2785 1171 2837 in
1212 2785 1452 2838 nomine
1492 2785 1784 2838 mensium
1810 2783 2198 2853 Septembris,
2226 2784 2526 2853 OctobriS,

463 2857 818 2912 Novembris
856 2867 917 2909 et
954 2856 1319 2921 Decembris,
1360 2856 1457 2924 qui
1494 2856 1578 2910 ita
1616 2855 2080 2924 appellabantur,
2126 2854 2263 2925 quia
2312 2872 2537 2911 revera

464 2928 801 2996 septimum,
843 2935 1134 2993 octavum,
1193 2943 1416 2980 nonum
1472 2935 1533 2980 et
1590 2927 1880 2980 decimum
1937 2926 2128 2979 locum
2186 2929 2533 2995 respective

465 2999 871 3067 occupabant;
908 2999 1050 3051 item
1089 3014 1166 3050 ex
1203 3015 1276 3050 eo
1316 3006 1580 3066 apparet,
1622 2997 1780 3066 quod
1820 2997 1949 3052 dies
1988 3014 2122 3066 quae
2149 3007 2429 3066 superest
2465 2999 2533 3053 in.

463 3085 624 3122 anno
661 3068 972 3136 bissextili,
1011 3069 1254 3138 ponitur
1273 3079 1413 3138 post
1440 3069 1597 3122 diem
1620 3070 1693 3124 28
1718 3068 2039 3136 Februarii,
2067 3085 2201 3138 quae
2230 3077 2360 3123 erat
2387 3069 2531 3124 olim

462 3140 668 3193 ultima
708 3139 836 3194 dies
875 3140 1032 3194 anni.

570 3212 629 3280 2)
665 3210 912 3265 Levitic.
950 3210 1168 3264 XXIII.
1205 3227 1294 3279 32.
1331 3209 1673 3266 Etiamnum
1729 3211 1793 3264 in
1847 3210 2141 3265 Brevibus
2198 3209 2537 3267 Pontificiis

463 3281 874 3406 {initiumfinni
915 3290 1289 3351 computatur
1326 3297 1362 3334 a
1420 3281 1514 3334 die
1571 3281 2007 3337 Incarnationis
2050 3281 2306 3350 Domini,
2348 3298 2457 3337 seu
2496 3300 2532 3338 a

510 3353 564 3405 ie
600 3368 670 3422 25
775 3352 924 3406 artii.
