2713 4137
517 311 605 356 DE
652 311 888 356 DIVINO
938 309 1216 356 OFFICIO
1266 311 1336 356 IN
1386 309 1659 355 GENERE
2031 291 2117 375 19

112 431 314 510 sioniS,
339 431 403 496 in
441 430 896 516 responsorio
931 431 1139 495 tertio
1173 428 1728 516 uniuscujusque
1766 431 2112 510 nocturni,

107 520 356 585 additur
400 519 636 586 Gloria
685 517 908 598 Patrt,
961 531 1119 584 etc..
1152 515 1442 598 Verum,
1492 520 1806 605 exceptis
1842 518 2117 587 Officiis

109 609 179 673 de
221 607 602 689 Dominica,
653 605 768 672 vel
803 607 890 672 de
924 605 1119 687 feria,
1179 628 1342 693 quae
1379 620 1760 673 occurrunt
1793 619 2114 695 tempore

103 696 444 763 Adventus
491 708 559 762 et
615 718 654 762 a
703 658 1250 783 Septuagesima
1300 695 1388 762 ad
1444 693 1741 774 Pascha,
1792 708 1952 782 post
2022 698 2116 764 ul-

103 787 314 850 timam
362 785 736 851 lectionem
784 785 970 850 tertii
1024 785 1371 865 nocturni,
1406 784 1668 850 nullum
1715 784 1970 851 dicitur
2017 808 2117 852 re-

98 875 538 960 sponsorium,
576 874 701 940 sed
737 874 898 939 huic
935 873 1382 939 substituitur
1416 874 1721 958 hymnus
1756 873 1847 940 Te
1879 877 2118 942 Deum.

211 963 358 1030 Hoc
391 963 673 1048 quidem
711 962 1050 1028 adnotare
1085 972 1397 1048 praestat,
1433 983 1692 1028 nonam
1736 963 2111 1030 lectionem

97 1052 173 1117 de
216 1054 356 1118 vita
401 1051 645 1119 Sancti
681 1051 928 1116 eadem
964 1050 1078 1116 die
1113 1052 1569 1127 occurrentiS,
1604 1051 1693 1116 de
1726 1073 1863 1138 qua
1898 1073 2115 1139 supra

98 1142 349 1238 egimus
397 1147 487 1224 (n.
535 1145 666 1227 25),
714 1161 854 1205 non
905 1161 1064 1205 esse
1112 1139 1487 1224 legendam
1546 1139 1615 1205 in
1650 1139 1782 1205 illis
1816 1139 2110 1220 Officiis,

94 1252 152 1295 m
195 1231 469 1317 quibus,
518 1240 677 1314 post
724 1229 1036 1294 ultimam
1087 1227 1477 1308 lectionem,
1529 1229 1795 1294 omisso
1846 1230 2112 1317 hymno

98 1318 174 1384 Te
219 1319 461 1399 Deum,
514 1318 846 1384 recitatur
894 1338 1152 1382 nonum
1203 1318 1753 1416 responsorium.

206 1431 312 1495 27.
339 1407 588 1474 Preces
622 1418 780 1472 sunt
811 1405 1095 1492 quidam
1127 1406 1479 1485 versiculi,
1513 1407 1631 1492 qui
1661 1407 1729 1472 in
1759 1407 2108 1473 nonnullis

94 1495 346 1563 Officiis
393 1499 803 1561 inseruntur
834 1507 994 1559 ante
1028 1495 1433 1560 orationem.
1468 1493 1749 1580 Saepius
1799 1497 2111 1562 obtinent

93 1586 166 1651 ad
196 1585 502 1652 Primam
535 1595 607 1650 et
636 1583 726 1650 ad
758 1581 1355 1668 completorium
1384 1583 1761 1669 aliquando
1791 1605 1961 1650 vero
1999 1588 2117 1651 ob-

93 1675 291 1739 tinent
316 1677 526 1739 etiam
554 1673 642 1739 ad
667 1671 946 1738 Laudes
973 1685 1042 1737 et
1066 1671 1154 1737 ad
1183 1637 1495 1756 singulas
1525 1669 1759 1738 Horas
1786 1674 2119 1741 minores,

93 1761 156 1827 In
186 1764 414 1848 primo
461 1783 631 1828 casu
679 1775 1025 1827 vocantur
1055 1759 1510 1840 dominicales,
1558 1763 1721 1847 quia
1754 1763 1823 1827 in
1860 1761 2116 1830 Officio

94 1851 167 1916 de
212 1850 586 1916 Dominica
635 1849 864 1915 solent
936 1850 1199 1916 habere
1270 1850 1524 1928 locum,
1596 1850 1759 1916 licet
1830 1865 1899 1917 et
1968 1853 2122 1919 aliis

94 1940 326 2006 diebus
375 1940 804 2017 reci-tentur;
855 1939 924 2003 in
997 1938 1219 2004 altero
1271 1960 1439 2004 casu
1488 1937 1793 2024 feriales
1856 1962 2123 2008 nuncu-

93 2044 350 2114 pantur,
402 2029 568 2116 quia
636 2026 1079 2095 solummodo
1153 2027 1218 2094 in
1269 2025 1545 2095 Officiis
1615 2027 1977 2097 ferialibus
2025 2031 2118 2098 di-

92 2131 354 2184 cuntur.

210 2206 569 2272 Attamem
620 2206 678 2270 si
726 2202 1059 2271 Officium
1109 2206 1405 2290 exigens
1453 2206 1675 2273 dictas
1723 2230 1972 2296 preces
2004 2230 2123 2275 oc-

97 2306 317 2360 currat
363 2292 546 2359 infra
578 2315 1099 2381 quamcumque
1150 2306 1494 2375 octavam,
1544 2317 1794 2383 preces
1828 2319 2122 2383 prorsus

88 2383 304 2450 omitti
350 2382 633 2449 debent.
703 2402 710 2408 ’

214 2473 323 2539 28.
377 2469 938 2538 Commemoratzo
986 2482 1096 2537 est
1143 2472 1403 2557 exigua
1453 2492 1618 2557 pars
1651 2471 1911 2554 Officii,
1960 2498 2122 2562 quae

95 2562 264 2660 huic,
314 2583 444 2648 per
493 2561 842 2659 integrum
893 2574 1010 2625 aut
1058 2582 1146 2625 ex
1202 2571 1400 2645 parte
1450 2562 1807 2647 impedit0‚
1874 2565 2128 2631 substi-

95 2651 315 2729 tuitur,
369 2662 442 2715 ut
493 2648 649 2735 ejus
697 2660 930 2714 teneat
978 2649 1232 2715 locum.

215 2736 494 2824 Regula
541 2759 726 2803 emm
761 2748 886 2801 est
931 2759 1147 2803 unum
1198 2748 1486 2817 tantum,
1535 2760 1957 2827 unaquaque
1992 2741 2127 2821 die,

97 2826 421 2894 Officium
460 2847 622 2893 esse
655 2826 1225 2912 persolvendum.
1261 2826 1498 2909 Quum
1526 2839 1755 2893 autem
1805 2828 1957 2915 freq
1969 2852 2127 2896 uen-

94 2926 193 2982 ter
239 2917 604 3001 contingat
628 2914 789 2994 du0,
823 2914 937 2979 vel
971 2914 1190 3014 plura,
1225 2917 1340 2982 die
1376 2917 1644 2997 eadem,
1680 2915 1833 2983 fore
1870 2852 2129 2985 Oqfficia

93 3006 401 3085 dicenda,
453 3004 615 3070 ideo
662 3024 872 3068 unum
923 3024 1012 3069 ex
1058 3004 1143 3070 iis
1191 3007 1545 3090 integrum
1580 3008 1935 3085 recitatur,
1969 3008 2127 3073 alio-

97 3117 236 3160 rum
287 3114 464 3160 vero
511 3112 677 3178 pars
725 3092 1000 3177 exigua,
1051 3114 1177 3160 seu
1225 3095 1802 3160 commemoratio
1851 3094 2126 3163 dicitur.

217 3182 953 3251 Commemorationes
1030 3193 1284 3280 autem,
1359 3184 1415 3248 si
1487 3204 1649 3269 quae
1729 3196 2127 3264 occurrunt,

100 3270 314 3338 locum
333 3272 598 3338 habent
624 3269 1108 3336 solummodo
1094 3293 1164 3337 in
1178 3270 1534 3337 Laudibus
1560 3293 1640 3337 ac
1670 3271 1738 3337 in
1763 3270 2125 3357 Vesperis,

99 3372 162 3425 et
204 3361 592 3428 consistunt
639 3360 709 3425 in
759 3358 1155 3444 antiphona,
1204 3382 1367 3446 quae
1415 3360 1483 3424 in
1533 3359 1738 3425 dictis
1785 3358 2001 3426 Horis
2036 3360 2127 3427 ad

101 3447 502 3517 Benedictus
548 3458 620 3514 et
666 3447 756 3513 ad
802 3445 1226 3537 Magm‘ficat
1269 3448 1691 3534 assignatur,
1755 3448 1906 3515 sive
1970 3470 2131 3535 pro-
