2713 4137
640 248 728 294 DE
777 246 1018 295 mvmo
1067 248 1342 295 orricio
1392 248 1461 293 lN
1506 249 1742 295 specu-3
2109 249 2197 315 97

159 369 320 435 festi
373 391 534 435 cum
582 369 767 436 festo
816 368 892 437 S.
939 367 1274 443 Familiae.
1338 368 1507 435 illud
1558 368 1953 455 praefertur,
2002 372 2193 457 quod

163 459 378 525 ritum
427 460 642 525 habet
687 460 1036 537 altiorem;
1071 458 1128 523 si
1179 469 1415 523 autem
1465 480 1590 543 par
1638 469 1745 525 est
1795 459 1989 536 ritus,
2025 480 2196 547 prae·

159 547 391 613 fertur
435 548 691 613 festum
740 547 818 615 S.
865 545 1174 613 Familiae
1207 572 1222 613 ε
1271 547 1336 611 in
1372 558 1670 633 utroque
1703 569 1872 613 casu
1904 548 2199 615 alterum

159 635 609 703 transfertur.
655 636 732 703 ln
783 636 1294 713 concurrentia,
1345 636 1607 721 pariter
1654 636 1891 715 vincit,
1947 637 2017 702 in
2080 659 2200 723 pa-

165 727 374 792 ritate
407 726 603 803 rituS,
636 725 893 791 festum
920 724 998 793 S.
1030 722 1342 789 Familiae
1372 748 1387 805 ;
1424 725 1640 790 vincit
1670 736 1903 791 autem
1936 724 2198 793 festum

160 812 773 900 Desponsationis,
809 815 865 879 si
904 812 1112 900 hujus
1146 814 1318 879 ritus
1350 826 1458 879 est
1492 812 1697 879 altior
1726 838 1740 880 :
1787 814 1855 880 in
1894 825 2193 902 utroque

161 924 332 969 casu
383 904 723 969 omittitur
771 903 1058 969 alterius
1106 904 1682 968 commemoratio
1737 903 1778 969 ¹.
1828 902 1958 971 Hic
2008 905 2197 971 enim

164 992 469 1059 habetur
494 992 820 1059 identitas
837 991 1178 1057 festorum
1207 990 1452 1057 saltem
1476 989 1869 1079 subjectiva,
1883 1013 2045 1079 quae
2061 991 2198 1059 suf-

161 1080 326 1161 ficit,
378 1081 660 1168 quando
695 1102 833 1146 non
871 1082 1104 1167 agitur
1137 1080 1224 1147 de
1259 1079 1515 1166 duplici
1548 1080 1733 1147 festo
1766 1080 2069 1162 Domini,
2106 1081 2194 1148 ad

163 1170 456 1235 alterius
486 1170 1227 1235 commemorationem
1262 1168 1771 1236 excludendam
1804 1170 1917 1253 (cf.
1954 1192 2019 1235 n.
2069 1174 2198 1257 79).

160 1258 238 1325 In
315 1259 601 1343 hymnis
672 1258 994 1326 hodierni
1076 1256 1306 1324 Officii
1388 1270 1765 1343 usurpatur
1841 1259 2199 1326 conclusio

162 1348 497 1433 propria:
530 1346 594 1429 J
590 1369 731 1427 esu,
779 1346 906 1413 tibi
949 1348 1043 1413 sit
1101 1346 1334 1435 gloria
1383 1386 1471 1395 -—
1528 1346 1671 1431 „Qui
1736 1364 1940 1413 natus
2002 1370 2073 1413 es
2120 1346 2201 1415 de

175 1434 487 1523 Virgine,
537 1448 668 1503 ete.

307 1547 457 1612 131.
505 1526 755 1593 Mense
809 1528 1264 1594 FebruariO.
1336 1525 1471 1592 Die
1540 1547 1603 1592 2.
1680 1523 2197 1614 Purificatiomls·

160 1612 254 1680 B.
303 1614 563 1681 Marioe
622 1613 698 1680 V.
745 1612 954 1700 Dupl.
989 1612 1068 1679 11.
1096 1612 1179 1681 cl.
1211 1654 1296 1663 --
1330 1614 1411 1683 Si
1448 1614 1580 1681 hoc
1628 1612 1884 1680 festum
1939 1615 2204 1681 incidat

163 1704 234 1768 in
309 1725 524 1769 unam
597 1724 686 1769 ex
756 1700 1148 1768 Dominicis
1216 1703 1695 1789 privilegiatiS,
1763 1703 2200 1784 transfertur,

163 1803 524 1878 tamquam
573 1793 642 1858 in
693 1814 892 1857 suam
963 1791 1225 1872 sedem,
1278 1794 1344 1858 in
1413 1793 1709 1879 primam
1780 1792 1986 1873 diem,
2059 1791 2193 1873 vel,

163 1881 298 1947 hac
349 1881 682 1967 impedita
729 1902 770 1945 a
819 1879 1094 1965 Duplici
1147 1881 1194 1948 l.
1244 1881 1512 1961 classis,
1569 1880 1635 1945 in
1670 1879 1962 1946 alteram
2012 1880 2197 1947 diem

159 1969 565 2036 immediate
616 1980 1053 2056 sequentem.

301 2056 545 2142 Quare
592 2059 898 2126 vidimus
970 2070 1336 2147 utramque
1412 2057 1819 2146 hujusmodi
1891 2059 2076 2126 diem
2125 2058 2203 2125 li-

162 2149 410 2214 beram
456 2169 618 2214 esse
668 2148 932 2215 debere
981 2148 1068 2215 ad
1103 2150 1578 2235 recipiendum
1627 2146 1957 2214 Officium
1993 2147 2203 2234 hujus

158 2236 350 2316 festi,
398 2237 683 2323 quando
734 2257 859 2303 sua
905 2235 1020 2302 die
1066 2238 1479 2324 impeditum
1530 2239 1619 2304 sit
1662 2235 1775 2320 (cf.
1824 2260 1887 2304 n.
1934 2239 2066 2325 63).

295 2324 375 2391 In
426 2325 680 2392 Officio
727 2324 935 2409 hujus
982 2325 1165 2406 festi,
1230 2328 1475 2414 hymni
1524 2327 1787 2392 habent
1847 2326 2205 2414 propriam

158 2415 692 2481 conclusionem
727 2439 744 2480 :
775 2413 975 2496 Jesu,
1023 2414 1148 2482 tibi
1185 2415 1279 2483 sit
1314 2416 1550 2505 gloria
1580 2455 1668 2464 —--
1701 2413 1848 2498 Qui
1875 2425 2080 2483 natus
2133 2437 2205 2482 es

158 2501 243 2567 de
303 2502 612 2591 Virgine,
661 2513 791 2569 ete.

297 2590 437 2658 Die
483 2614 592 2679 24.
637 2591 717 2659 S.
767 2591 1058 2659 Mathioe
1105 2593 1238 2679 Ap.
1288 2592 1497 2680 Dupl.
1527 2593 1607 2660 II.
1658 2593 1741 2660 cl.
1788 2592 1982 2659 —In
2018 2615 2202 2660 anno

165 2679 514 2747 bissextili
565 2681 700 2748 hoc
747 2680 1004 2747 festum
1054 2683 1418 2769 peragitur
1468 2683 1578 2750 die
1626 2702 1736 2770 25,
1784 2693 1855 2749 et
1916 2681 2016 2748 sic
2065 2681 2198 2749 alia

158 2768 347 2835 festa
394 2769 749 2856 assignata
797 2769 1046 2836 diebus
1090 2790 1199 2858 25,
1246 2772 1354 2852 26,
1401 2791 1508 2856 27,
1556 2772 1645 2850 28
1676 2768 2202 2838 transferuntur

160 2858 564 2943 respective
599 2859 684 2926 ad
723 2869 1134 2944 sequentem
1169 2860 1355 2927 diem
1392 2860 1436 2927 ².
1470 2859 1662 2926 Idem
1693 2859 1950 2926 festum
1986 2860 2202 2926 habet

160 2947 500 3034 vigiliam,
549 2947 697 3014 sine
737 2945 1029 3032 jejuni0,
1080 2948 1168 3014 de
1216 2969 1375 3035 qua,
1427 2970 1585 3014 cum
1619 2948 1863 3015 incidit
1894 2949 1965 3014 in
2017 2946 2204 3031 Qua-

160 3035 660 3122 dragesimam,
709 3036 827 3102 vel
870 3037 939 3102 in
986 3035 1244 3104 festum
1289 3036 1573 3124 Duplex
1618 3037 1669 3104 I.
1718 3036 1980 3118 classis,
2031 3036 2207 3104 nihil

157 3123 236 3190 fit
283 3125 355 3190 in
406 3121 696 3204 Officio;
770 3146 976 3193 secus
1043 3124 1120 3192 fit
1167 3126 1766 3208 commemoratio,
1843 3148 2001 3193 cum
2077 3125 2206 3194 IX.

157 3212 464 3280 lectione
514 3235 600 3279 ex
649 3214 932 3282 homilia
981 3213 1050 3281 in
1095 3213 1465 3284 MatutinO.

155 3363 158 3368 ·
263 3337 320 3407 1)
354 3336 444 3396 Cf.
484 3335 548 3394 S.
585 3337 660 3395 R.
695 3337 761 3395 C.
795 3356 866 3410 27
897 3339 1058 3410 Junii
1097 3339 1253 3409 1899,
1291 3357 1348 3396 n.
1386 3356 1545 3412 4042,
1585 3341 1661 3396 ad
1699 3339 1800 3396 ΙΙΙ.

259 3409 320 3480 2)
358 3407 422 3466 S.
459 3408 538 3468 R.
573 3407 638 3465 C.
675 3427 714 3479 9
740 3410 900 3481 Junii
940 3410 1095 3482 1884,
1122 3428 1180 3468 n.
1214 3411 1374 3481 3611,
1414 3411 1491 3467 ad
1536 3412 1610 3469 V.
