2713 4137
593 244 684 290 DE
729 243 970 291 DIVINO
1020 244 1301 292 OFFICIO
1345 245 1413 292 IN
1461 242 1732 298 GENERE
2100 243 2189 310 37

159 381 288 446 pro
354 359 533 428 festo
588 359 728 431 SS.
774 359 1120 449 Corporis
1189 361 1479 444 Christi,
1552 362 1741 430 diem
1787 384 1831 450 4
1875 361 2190 450 Augusti

159 469 284 534 pro
326 448 505 516 festo
549 448 629 518 S.
676 448 1050 532 Dominici,
1097 450 1538 520 Dominicam
1588 451 1641 518 Ι.
1676 449 2017 520 Octobris
2052 472 2185 538 pro

157 537 588 605 solemnitate
633 537 773 608 SS.
819 537 1098 606 Rosarii
1147 539 1228 609 B.
1275 541 1371 608 M.
1417 539 1525 623 V.,
1575 550 1708 608 ete.

280 625 503 694 Porro
551 627 723 709 dies,
769 650 930 716 qua,
980 641 1100 696 aut
1145 651 1238 697 ex
1270 631 1373 697 rei
1420 629 1640 697 veluti
1698 638 1965 710 natura,
2001 627 2188 696 idest

157 715 244 780 ob
290 715 700 784 historicum
748 729 1102 800 eventum,
1149 728 1272 785 aut
1337 741 1428 786 ex
1474 719 1753 787 delectu
1820 715 2185 799 Ecclesiae,

155 802 430 890 aliquod
475 804 756 886 festum,
806 806 958 874 sive
1003 805 1380 890 immobile,
1432 808 1583 876 sive
1654 805 1935 889 mobile,
2005 806 2189 873 cele-

157 892 488 961 brandum
551 895 898 976 statuitur,
932 895 1085 963 dies
1106 897 1395 984 propria
1427 905 1887 982 nuncupatur,
1923 905 1994 962 et
2018 893 2186 962 Offi-

157 981 328 1049 cium
377 982 608 1050 eidem
638 982 823 1051 festo
859 986 1322 1072 respondenS,
1358 985 1549 1072 quod
1582 985 1653 1052 in
1690 1006 1774 1051 ea
1822 985 2181 1066 recitatur,

159 1070 222 1136 in
263 1071 370 1138 die
401 1072 694 1159 propria
748 1073 1029 1140 recitari
1075 1075 1351 1144 dicitur.

271 1160 679 1248 Aliquando
754 1173 989 1229 tamen
1066 1163 1413 1250 contingit
1483 1159 1817 1229 Officium
1895 1162 2181 1250 aliquod

155 1249 453 1334 persolvi
500 1272 644 1317 non
691 1271 905 1337 posse
955 1252 1068 1319 die
1112 1273 1253 1339 qua
1311 1251 1468 1338 ejus
1522 1251 1784 1319 festum
1854 1255 2183 1333 occurrit,

158 1359 234 1404 eo
278 1339 468 1427 quod
515 1341 606 1405 ab
652 1340 789 1406 alio
838 1339 1162 1426 digniore
1195 1341 1637 1428 impediatur,
1686 1350 1763 1407 ut
1810 1339 1989 1408 infra
2044 1339 2183 1408 cla-

155 1427 288 1494 rius
336 1428 617 1516 patebit,
667 1439 738 1510 et
780 1429 851 1495 in
901 1429 1016 1497 die
1062 1428 1214 1511 alia,
1265 1451 1306 1496 a
1352 1430 1641 1517 propria
1688 1430 1994 1508 diversa,
2068 1451 2181 1496 re-

157 1516 340 1584 citari
387 1517 671 1585 debere.
720 1517 893 1585 Haec
943 1518 1077 1585 alia
1123 1517 1276 1585 dies
1329 1529 1627 1586 vocatur
1680 1540 1814 1585 non
1848 1527 1983 1606 pro
2029 1518 2181 1599 ria;

158 1615 221 1670 et
264 1605 609 1694 siquidem
665 1606 1266 1694 impedimentum,
1323 1617 1617 1694 propter
1684 1606 1878 1695 quod
2024 1605 2185 1676 ffieii

159 1693 298 1761 dies
344 1694 588 1762 debuit
655 1696 910 1763 mutari
979 1697 1049 1762 in
1117 1717 1260 1762 non
1329 1697 1710 1784 propriam,
1782 1695 2183 1783 quotanniS,

153 1803 270 1849 seu
301 1795 642 1871 perpetuo
675 1794 1022 1866 occurrat,
1056 1783 1304 1853 eadem
1337 1786 1494 1852 haec
1529 1785 1682 1852 dies
1715 1805 1857 1851 non
1891 1785 2183 1871 propria

153 1870 391 1939 dicitur
421 1873 633 1939 etiam
667 1873 823 1941 dies
853 1874 1264 1962 assignatm
1301 1875 1360 1941 si
1394 1894 1569 1940 vero
1600 1873 2183 1961 impedimentum

155 1970 254 2026 est
307 1961 761 2043 accidentale,
811 1984 938 2030 seu
987 1984 1126 2030 non
1174 1972 1614 2051 perpetuum,
1664 1984 1747 2030 ea
1795 1961 1947 2029 dies
1994 1970 2186 2028 tran-

151 2048 316 2117 slata
362 2072 596 2119 nuncu
650 2061 808 2119 atur
857 2053 898 2120 ¹.

265 2162 374 2226 41.
421 2140 543 2207 Ad
589 2073 898 2209 §anctos
944 2142 1137 2230 quod
1185 2150 1477 2228 spectat,
1526 2139 2025 2227 distinguenda
2072 2148 2183 2207 est

153 2229 343 2296 etiam
390 2250 639 2295 eorum
688 2230 840 2297 dies
885 2230 1199 2297 natalitia
1254 2243 1324 2297 et
1380 2228 1968 2315 quasi-natalitia;
2001 2239 2185 2295 utra-

153 2337 276 2403 que
322 2328 558 2385 tamen
606 2317 781 2400 dies,
819 2318 1021 2406 juxta
1068 2319 1489 2388 divisionem
1559 2328 1724 2387 ante
1779 2318 2180 2399 indicatam,

157 2417 250 2471 est
283 2406 596 2492 propria.
641 2408 1069 2475 Sanctorum
1118 2408 1428 2475 natalitia
1484 2431 1622 2475 non
1672 2407 1961 2495 quidem
1991 2404 2183 2473 illam

153 2494 322 2561 diem
368 2495 696 2577 indicant,
743 2518 884 2585 qua
915 2498 986 2564 in
1020 2498 1262 2565 mundi
1296 2497 1506 2584 hujus
1552 2497 1782 2565 lucem
1830 2495 1999 2564 editi
2032 2493 2185 2562 fue-

154 2594 322 2664 runt,
387 2583 514 2651 sed
574 2584 784 2667 illam,
852 2608 1014 2674 qua,
1092 2587 1207 2654 vel
1276 2587 1638 2674 martyrio,
1688 2585 1805 2657 vel
1884 2582 2181 2651 naturali

156 2684 386 2754 morte,
452 2674 542 2741 ad
585 2672 944 2742 caelestem
991 2676 1209 2742 vitam
1256 2677 1668 2761 migrarunt.
1716 2672 2039 2753 Ecclesia,
2088 2672 2186 2738 ait

153 2758 219 2829 S.
265 2761 729 2847 Augustinus,
783 2762 1047 2830 natales
1114 2772 1332 2846 vocat,
1394 2764 1739 2851 pretiosas
1796 2768 2182 2843 martyrum

152 2858 388 2916 mortes
440 2850 487 2917 ².
564 2849 652 2918 Et
712 2850 790 2920 S.
860 2852 1285 2920 Ambrosius
1355 2853 1652 2921 scribit:
1724 2848 2183 2938 Depositibm‘s

151 2938 292 3025 ipsa
335 2938 479 3005 dies
525 2938 778 3007 natalis
823 2940 1093 3023 dicitur,
1141 2963 1274 3027 quo
1321 2941 1717 3009 delictorum
1771 2960 2038 3006 carcere
2103 2938 2183 3005 li-

155 3026 374 3106 berati,
421 3026 725 3095 libertati
763 3030 1119 3096 nascimur
1157 3029 1553 3098 Salvatoris
1603 3029 1647 3097 ⁸.

247 3260 298 3328 1)
329 3257 415 3314 Cf.
452 3258 515 3315 S.
550 3258 624 3314 R.
661 3259 726 3314 C.
763 3260 938 3314 Decr.
976 3258 1194 3315 Gener.
1229 3278 1298 3315 21
1339 3260 1489 3317 Nov.
1529 3261 1684 3331 1893,
1723 3278 1781 3316 n.
1818 3261 1981 3331 3811,
2007 3260 2081 3315 ad
2117 3261 2193 3319 V.

240 3332 296 3401 2)
327 3332 389 3388 S.
415 3333 838 3402 Augustiana.
876 3329 1064 3386 Serm.
1103 3346 1212 3399 113
1248 3332 1317 3387 de
1353 3331 1560 3387 divers·
1788 3388 1792 3393 ,

244 3402 300 3471 3)
331 3404 390 3459 S.
431 3406 836 3460 Ambrosius.
873 3401 1059 3459 Serm.
1101 3402 1169 3457 de
1205 3403 1437 3476 deposit.
1462 3402 1524 3457 S.
1563 3402 1815 3459 Eusebii.
