2713 4137
530 250 619 295 DE
669 249 915 296 DIVINO
964 251 1240 297 OFFICIO
1292 251 1359 296 ΙΝ
1414 249 1687 295 GENERE
2049 246 2128 315 15

82 379 211 451 aut,
264 381 536 457 praeter
584 371 774 450 istas,
825 371 1151 458 exprimit
1200 393 1485 459 quoque
1530 371 1775 438 laudes
1825 370 1938 437 vel
1961 369 2130 454 Jesu

83 459 373 539 Christi,
422 459 541 526 vel
586 459 667 526 B.
717 461 963 527 Mariae
1010 459 1118 540 V.,
1171 461 1283 528 vel
1329 459 1779 541 Sanctorum,
1836 471 2133 526 vocatur

74 549 388 636 propria.

197 637 546 723 Exempla
580 637 1052 704 conclusionis
1087 639 1480 705 communis
1514 638 1849 705 exhibent
1877 638 2119 724 hymni

78 725 434 793 Horarum
462 728 834 807 minorum,
884 739 952 794 et
987 728 1382 814 generatim
1417 727 1906 793 conclusiones
1941 749 2128 792 com-

79 838 321 883 munes
376 827 534 882 sunt
584 816 1030 900 hujusmodi:
1101 820 1241 882 Deo
1313 815 1524 882 Patri
1585 817 1681 880 sit
1742 816 1977 904 gloria
2048 855 2135 863 —

79 904 392 989 Eiusque
439 904 582 970 soli
623 904 823 987 Filio,
875 916 1004 972 etc.
1064 906 1363 980 Praesta,
1424 904 1639 972 Pater
1680 905 1995 990 piissime
2042 945 2131 954 -—

82 991 410 1078 Patrique
471 1003 753 1080 compar
819 995 1028 1072 unice,
1103 1007 1234 1062 ete.
1321 993 1388 1059 V
1382 993 1581 1071 irtuS,
1674 992 1905 1074 honor,
1979 992 2133 1058 laus

76 1081 303 1168 gloria
353 1124 446 1131 ——
493 1081 640 1149 Deo
689 1082 900 1150 Patri
940 1106 1091 1149 cum
1140 1083 1210 1151 F
1207 1081 1338 1161 ilio,
1392 1093 1523 1149 ete.
1574 1083 1767 1149 Laus
1815 1091 1880 1149 et
1897 1090 2129 1168 peren-

93 1171 190 1235 nis
232 1170 477 1258 gloria
525 1212 612 1220 —
661 1171 872 1239 Patri
911 1173 1021 1249 sit,
1071 1181 1273 1257 atque
1320 1171 1519 1251 Filio,
1572 1184 1703 1238 etc.

203 1259 260 1326 E
313 1273 581 1340 contra,
633 1272 794 1327 sunt
843 1263 1147 1347 propriae
1199 1265 1311 1327 hae
1363 1260 1893 1328 conclusiones:
1930 1261 2126 1342 jesu,

85 1346 199 1412 tibi
237 1351 338 1415 sit
375 1349 617 1437 gloria
663 1391 752 1398 —
799 1349 947 1434 Qui
986 1359 1192 1416 natus
1227 1373 1297 1414 es
1328 1349 1408 1414 de
1446 1349 1749 1438 Virgine,
1787 1361 1939 1430 ete.,
1976 1371 2136 1437 quae

87 1437 331 1504 dicitur
390 1441 461 1505 in
514 1439 874 1526 plerisque
920 1439 1122 1506 festis
1172 1439 1452 1506 Domini
1490 1450 1559 1505 et
1605 1437 1685 1505 Β.
1719 1438 1965 1506 Mariae
2016 1437 2100 1505 V.
2114 1461 2131 1519 ;

92 1524 224 1591 Deo
272 1527 497 1595 Patri
534 1529 630 1593 sit
652 1527 886 1616 gloria
920 1569 1007 1578 -
1041 1528 1135 1595 Et
1164 1527 1362 1607 Filio,
1399 1528 1523 1612 qui
1550 1549 1594 1592 a
1626 1529 1940 1608 mortuiS,
1975 1539 2129 1609 ete.,

90 1635 234 1700 quae
266 1618 544 1684 obtinet
579 1628 896 1703 tempore
930 1617 1241 1705 paschali
1266 1641 1282 1697 ;
1339 1616 1431 1683 Te
1464 1639 1658 1692 nune,
1695 1615 2131 1702 Redemptor,

89 1724 480 1786 quaesumus
528 1747 616 1754 —
692 1707 784 1774 Ut
826 1705 1224 1786 Martyrum
1265 1706 1617 1785 consortie,
1690 1716 1843 1783 ete„
1916 1728 2129 1793 quam

95 1793 292 1860 habet
344 1797 659 1881 hymnus
707 1793 1028 1861 Matutini
1087 1796 1175 1862 de
1232 1793 1610 1862 Communi
1668 1794 2133 1881 plurimorum

94 1879 472 1968 Martyrum
483 1907 498 1963 ;
527 1895 597 1950 et
623 1884 780 1950 aliae
808 1906 969 1970 quae
997 1885 1065 1950 in
1094 1883 1461 1950 Breviario
1486 1884 1786 1948 inveniri
1816 1893 2133 1968 possunt.

207 1994 314 2039 21.
368 1971 646 2059 Regula
696 1986 803 2038 est
840 1975 882 2051 ¹,
929 1975 1121 2060 quod
1170 1975 1236 2039 in
1277 1972 1571 2048 Officiis,
1606 1994 1768 2059 quae
1805 1972 2134 2038 dicuntur

95 2067 220 2125 tum
269 2061 590 2149 paschali
640 2074 976 2149 tempore,
1027 2074 1174 2129 tum
1231 2063 1298 2129 in
1372 2062 1572 2128 festis
1646 2059 1953 2139 Domini,
2014 2074 2131 2127 aut

92 2144 161 2213 B.
203 2150 455 2217 Mariae
504 2150 612 2227 V.,
683 2166 829 2217 turn
902 2152 1076 2218 infra
1137 2155 1389 2219 horum
1447 2161 1754 2230 octavas,
1812 2150 2135 2238 quamvis

97 2235 151 2299 in
197 2238 302 2305 his
359 2240 611 2307 diebus
661 2239 914 2306 Officia
961 2240 1129 2307 fiant
1177 2242 1264 2307 de
1339 2240 1644 2315 SanctiS‚
1722 2251 1791 2305 et
1864 2249 2135 2304 octavae

95 2330 523 2395 occurrentis
573 2332 1147 2396 commemoratio
1197 2332 1556 2396 omittatur
1606 2328 1648 2406 ²,
1700 2329 1965 2414 hymni,
2016 2329 2135 2413 qui

98 2414 172 2479 ad
216 2417 534 2503 singulas
585 2419 970 2484 recitantur
995 2417 1249 2496 Horas,
1288 2420 1344 2485 si
1383 2417 1915 2484 conclusionem
1951 2438 2133 2483 com-

100 2523 360 2571 munem
413 2507 697 2585 habent,
747 2528 900 2573 eam
974 2518 1242 2573 mutant
1315 2509 1384 2573 in
1463 2507 1818 2592 propriam
1894 2526 2130 2571 occur-

108 2594 304 2660 rentis
355 2594 519 2661 festi
578 2594 864 2661 Domini
921 2608 1038 2663 aut
1092 2595 1170 2661 Β.
1243 2596 1488 2663 Mariae
1560 2593 1667 2674 V.,
1740 2595 1854 2661 vel
1928 2592 2137 2678 hujus

100 2693 372 2765 octavae,
450 2684 565 2749 vel
618 2686 952 2771 temporis
1001 2685 1373 2771 paschaliS,
1441 2682 1827 2750 dummodo
1899 2693 2134 2747 tamen

109 2767 366 2838 diversa
417 2794 559 2838 non
633 2774 720 2839 sit
791 2774 994 2840 metri
1067 2796 1419 2853 mensura,
1496 2785 1570 2837 ut
1642 2772 1987 2857 contingit
2064 2772 2134 2837 in

197 2980 244 3049 1)
279 2981 547 3035 Breviar.
585 2981 756 3037 Rom.
794 2982 974 3037 Rubr.
1019 2982 1214 3038 Gener.
1262 2982 1371 3037 Tit.
1408 2981 1541 3039 ΧΧ.

191 3050 242 3119 2)
276 3051 337 3106 S.
377 3052 452 3108 R.
491 3051 556 3106 C.
593 3070 664 3121 29
703 3054 850 3107 Nov.
892 3070 1044 3124 1755,
1088 3072 1142 3108 n.
1179 3070 1339 3123 2439,
1379 3054 1454 3108 ad
1493 3052 1561 3108 II.
1610 3052 1714 3118 Ita,
1751 3070 1809 3109 v.
1836 3072 1907 3123 g.,
1948 3053 2047 3106 ubi
2085 3053 2148 3106 in

110 3115 398 3181 Dominica
433 3122 592 3177 infra
639 3130 910 3179 octavam
947 3124 1399 3195 Assumptionis
1454 3124 1520 3179 B.
1560 3124 1637 3179 M.
1675 3123 1748 3178 V.
1804 3124 1871 3179 fit
1928 3123 2160 3178 festum-

110 3186 160 3257 S.
185 3190 444 3259 Joachim
483 3193 653 3251 Coni.
692 3196 802 3250 sub
841 3196 958 3249 ritu
997 3195 1170 3265 Dupl.
1207 3214 1243 3249 2
1281 3194 1509 3264 classis,
1555 3196 1617 3248 in
1673 3195 1783 3248 hoc
1822 3194 2151 3249 omittenda

115 3267 191 3313 est
224 3266 704 3320 commemoratio
744 3272 974 3321 octavae
1012 3267 1081 3321 B.
1118 3267 1322 3320 Mariae
1350 3266 1423 3320 V.
1443 3283 1458 3334 ;
1516 3266 1624 3321 sed
1670 3266 1733 3319 in
1771 3266 2009 3336 hymnis
2048 3265 2152 3319 Of-

116 3324 216 3386 ficii
247 3336 521 3405 praedicti
560 3336 699 3393 festi
738 3338 1040 3392 conclusio
1079 3344 1398 3408 usurpatur
1442 3336 1683 3407 propria
1739 3346 2015 3405 octavae,
2045 3353 2153 3392 seu

95 3397 236 3472 Jesu,
269 3407 370 3461 tibi
404 3408 478 3461 sit
497 3408 722 3477 aleria,
762 3414 874 3464 etc.
1153 3428 1158 3433 ·
1349 3422 1352 3425 ’
