<?xml version="1.0" encoding="UTF-8"?>
<!DOCTYPE html PUBLIC "-//W3C//DTD XHTML 1.0 Transitional//EN"
    "http://www.w3.org/TR/xhtml1/DTD/xhtml1-transitional.dtd">
<html xmlns="http://www.w3.org/1999/xhtml" xml:lang="en" lang="en">
 <head>
  <title>
</title>
<meta http-equiv="Content-Type" content="text/html;charset=utf-8" />
  <meta name='ocr-system' content='tesseract 3.04.00' />
  <meta name='ocr-capabilities' content='ocr_page ocr_carea ocr_par ocr_line ocrx_word'/>
</head>
<body>
  <div class='ocr_page' id='page_1' title='image "./liturgiadivinio00ferrgoog_0323.png"; bbox 0 0 2713 4137; ppageno 0'>
   <div class='ocr_carea' id='block_1_1' title="bbox 512 240 2267 315">
    <p class='ocr_par' dir='ltr' id='par_1_1' title="bbox 512 240 2267 315">
     <span class='ocr_line' id='line_1_1' title="bbox 512 240 2267 315; baseline 0.006 -31"><span class='ocrx_word' id='word_1_1' title='bbox 512 240 600 284; x_wconf 81' lang='lat' dir='ltr'>DE</span> <span class='ocrx_word' id='word_1_2' title='bbox 649 240 1034 287; x_wconf 85' lang='lat' dir='ltr'><strong>NONNULLIS</strong></span> <span class='ocrx_word' id='word_1_3' title='bbox 1083 242 1297 289; x_wconf 89' lang='lat' dir='ltr'>MISSIS</span> <span class='ocrx_word' id='word_1_4' title='bbox 1344 246 1951 293; x_wconf 87' lang='lat' dir='ltr'><strong>PARTICULARIBUS</strong></span> <span class='ocrx_word' id='word_1_5' title='bbox 2140 248 2267 315; x_wconf 84' lang='lat'>149</span> 
     </span>
    </p>
   </div>
   <div class='ocr_carea' id='block_1_2' title="bbox 1021 475 1471 546">
    <p class='ocr_par' dir='ltr' id='par_1_2' title="bbox 1021 475 1471 546">
     <span class='ocr_line' id='line_1_2' title="bbox 1021 475 1471 546; baseline 0 -1"><span class='ocrx_word' id='word_1_6' title='bbox 1021 475 1296 546; x_wconf 83' lang='lat' dir='ltr'>CAPUT</span> <span class='ocrx_word' id='word_1_7' title='bbox 1368 476 1471 546; x_wconf 92' lang='lat' dir='ltr'>lV.</span> 
     </span>
    </p>
   </div>
   <div class='ocr_carea' id='block_1_3' title="bbox 383 640 2087 879">
    <p class='ocr_par' dir='ltr' id='par_1_3' title="bbox 383 640 2087 879">
     <span class='ocr_line' id='line_1_3' title="bbox 985 640 1485 724; baseline 0.01 -4"><span class='ocrx_word' id='word_1_8' title='bbox 985 642 1116 723; x_wconf 87' lang='lat' dir='ltr'>De</span> <span class='ocrx_word' id='word_1_9' title='bbox 1189 640 1485 724; x_wconf 84' lang='lat' dir='ltr'>Missa</span> 
     </span>
     <span class='ocr_line' id='line_1_4' title="bbox 383 774 2087 879; baseline 0.001 -24"><span class='ocrx_word' id='word_1_10' title='bbox 383 798 690 856; x_wconf 86' lang='lat' dir='ltr'>coram</span> <span class='ocrx_word' id='word_1_11' title='bbox 752 774 900 855; x_wconf 84' lang='lat' dir='ltr'>Ss.</span> <span class='ocrx_word' id='word_1_12' title='bbox 965 774 1563 859; x_wconf 85' lang='lat' dir='ltr'>Sacramento</span> <span class='ocrx_word' id='word_1_13' title='bbox 1630 778 2087 879; x_wconf 84' lang='lat' dir='ltr'>exposito.</span> 
     </span>
    </p>
   </div>
   <div class='ocr_carea' id='block_1_4' title="bbox 193 986 2257 3120">
    <p class='ocr_par' dir='ltr' id='par_1_4' title="bbox 209 986 2257 1431">
     <span class='ocr_line' id='line_1_5' title="bbox 351 986 2255 1075; baseline 0.001 -18"><span class='ocrx_word' id='word_1_14' title='bbox 351 990 496 1075; x_wconf 88' lang='lat'><strong>176.</strong></span> <span class='ocrx_word' id='word_1_15' title='bbox 522 988 640 1055; x_wconf 90' lang='lat' dir='ltr'>Ad</span> <span class='ocrx_word' id='word_1_16' title='bbox 665 986 934 1069; x_wconf 88' lang='lat' dir='ltr'>Altare,</span> <span class='ocrx_word' id='word_1_17' title='bbox 963 988 1080 1054; x_wconf 91' lang='lat' dir='ltr'>ubi</span> <span class='ocrx_word' id='word_1_18' title='bbox 1107 987 1536 1069; x_wconf 89' lang='lat' dir='ltr'>solemniter,</span> <span class='ocrx_word' id='word_1_19' title='bbox 1566 1011 1692 1055; x_wconf 89' lang='lat' dir='ltr'>seu</span> <span class='ocrx_word' id='word_1_20' title='bbox 1718 990 1786 1056; x_wconf 92' lang='lat' dir='ltr'>in</span> <span class='ocrx_word' id='word_1_21' title='bbox 1807 990 2255 1075; x_wconf 83' lang='lat' dir='ltr'>OstensoriO,</span> 
     </span>
     <span class='ocr_line' id='line_1_6' title="bbox 209 1074 2257 1173; baseline 0.001 -27"><span class='ocrx_word' id='word_1_22' title='bbox 209 1077 610 1173; x_wconf 83' lang='lat' dir='ltr'>expositum</span> <span class='ocrx_word' id='word_1_23' title='bbox 659 1088 768 1143; x_wconf 89' lang='lat' dir='ltr'>est</span> <span class='ocrx_word' id='word_1_24' title='bbox 815 1074 932 1143; x_wconf 81' lang='lat' dir='ltr'>Ss,</span> <span class='ocrx_word' id='word_1_25' title='bbox 966 1075 1522 1157; x_wconf 85' lang='lat' dir='ltr'>Sacramentum,</span> <span class='ocrx_word' id='word_1_26' title='bbox 1567 1078 1856 1145; x_wconf 86' lang='lat' dir='ltr'>Missam</span> <span class='ocrx_word' id='word_1_27' title='bbox 1892 1080 2257 1148; x_wconf 88' lang='lat' dir='ltr'>celebrare</span> 
     </span>
     <span class='ocr_line' id='line_1_7' title="bbox 211 1168 2257 1257; baseline -0.001 -15"><span class='ocrx_word' id='word_1_28' title='bbox 211 1196 353 1241; x_wconf 87' lang='lat' dir='ltr'>non</span> <span class='ocrx_word' id='word_1_29' title='bbox 404 1168 584 1245; x_wconf 92' lang='lat' dir='ltr'>licet,</span> <span class='ocrx_word' id='word_1_30' title='bbox 633 1188 717 1231; x_wconf 89' lang='lat' dir='ltr'>ea</span> <span class='ocrx_word' id='word_1_31' title='bbox 765 1177 1032 1231; x_wconf 89' lang='lat' dir='ltr'>tantum</span> <span class='ocrx_word' id='word_1_32' title='bbox 1083 1178 1398 1253; x_wconf 87' lang='lat' dir='ltr'>excepta,</span> <span class='ocrx_word' id='word_1_33' title='bbox 1448 1189 1609 1255; x_wconf 88' lang='lat' dir='ltr'>quae</span> <span class='ocrx_word' id='word_1_34' title='bbox 1660 1189 1789 1254; x_wconf 93' lang='lat' dir='ltr'>pro</span> <span class='ocrx_word' id='word_1_35' title='bbox 1860 1168 1978 1235; x_wconf 85' lang='lat' dir='ltr'>illo</span> <span class='ocrx_word' id='word_1_36' title='bbox 2051 1192 2257 1257; x_wconf 91' lang='lat' dir='ltr'>repo-</span> 
     </span>
     <span class='ocr_line' id='line_1_8' title="bbox 222 1254 2255 1342; baseline -0.002 -12"><span class='ocrx_word' id='word_1_37' title='bbox 222 1260 456 1329; x_wconf 88' lang='lat' dir='ltr'>nendo</span> <span class='ocrx_word' id='word_1_38' title='bbox 502 1254 944 1342; x_wconf 83' lang='lat' dir='ltr'><strong>permittitur,</strong></span> <span class='ocrx_word' id='word_1_39' title='bbox 994 1254 1314 1322; x_wconf 87' lang='lat' dir='ltr'>absoluta</span> <span class='ocrx_word' id='word_1_40' title='bbox 1363 1256 1780 1323; x_wconf 84' lang='lat' dir='ltr'>adoratione</span> <span class='ocrx_word' id='word_1_41' title='bbox 1824 1257 1957 1325; x_wconf 91' lang='lat' dir='ltr'>XL</span> <span class='ocrx_word' id='word_1_42' title='bbox 2026 1254 2255 1326; x_wconf 58' lang='lat' dir='ltr'>Hora-&#39;-</span> 
     </span>
     <span class='ocr_line' id='line_1_9' title="bbox 216 1342 946 1431; baseline -0.011 -12"><span class='ocrx_word' id='word_1_43' title='bbox 216 1347 446 1422; x_wconf 66' lang='lat' dir='ltr'>runt,1</span> <span class='ocrx_word' id='word_1_44' title='bbox 497 1342 610 1429; x_wconf 88' lang='lat' dir='ltr'>(cf.</span> <span class='ocrx_word' id='word_1_45' title='bbox 657 1367 724 1409; x_wconf 90' lang='lat' dir='ltr'>n.</span> <span class='ocrx_word' id='word_1_46' title='bbox 779 1348 946 1431; x_wconf 80' lang='lat'>113).</span> 
     </span>
    </p>

    <p class='ocr_par' dir='ltr' id='par_1_5' title="bbox 204 1432 2254 1784">
     <span class='ocr_line' id='line_1_10' title="bbox 366 1432 2247 1519; baseline -0.001 -15"><span class='ocrx_word' id='word_1_47' title='bbox 366 1437 472 1504; x_wconf 83' lang='lat' dir='ltr'>Ex</span> <span class='ocrx_word' id='word_1_48' title='bbox 543 1432 962 1499; x_wconf 82' lang='lat' dir='ltr'>necessitate</span> <span class='ocrx_word' id='word_1_49' title='bbox 1032 1444 1287 1511; x_wconf 89' lang='lat' dir='ltr'>tamen,</span> <span class='ocrx_word' id='word_1_50' title='bbox 1339 1433 1451 1499; x_wconf 87' lang='lat' dir='ltr'>vel</span> <span class='ocrx_word' id='word_1_51' title='bbox 1530 1434 1735 1519; x_wconf 89' lang='lat' dir='ltr'>gravi</span> <span class='ocrx_word' id='word_1_52' title='bbox 1815 1457 2047 1517; x_wconf 91' lang='lat' dir='ltr'>causa,</span> <span class='ocrx_word' id='word_1_53' title='bbox 2128 1447 2247 1503; x_wconf 89' lang='lat' dir='ltr'>aut</span> 
     </span>
     <span class='ocr_line' id='line_1_11' title="bbox 206 1522 2252 1609; baseline -0 -16"><span class='ocrx_word' id='word_1_54' title='bbox 206 1526 486 1595; x_wconf 89' lang='lat' dir='ltr'>lndulto</span> <span class='ocrx_word' id='word_1_55' title='bbox 535 1522 579 1603; x_wconf 78' lang='lat'>¹³,</span> <span class='ocrx_word' id='word_1_56' title='bbox 631 1522 780 1589; x_wconf 92' lang='lat' dir='ltr'>dari</span> <span class='ocrx_word' id='word_1_57' title='bbox 829 1532 1060 1608; x_wconf 88' lang='lat' dir='ltr'>potest</span> <span class='ocrx_word' id='word_1_58' title='bbox 1129 1523 1321 1609; x_wconf 91' lang='lat' dir='ltr'>quod</span> <span class='ocrx_word' id='word_1_59' title='bbox 1394 1533 1464 1587; x_wconf 89' lang='lat' dir='ltr'>et</span> <span class='ocrx_word' id='word_1_60' title='bbox 1533 1523 1689 1589; x_wconf 87' lang='lat' dir='ltr'>aliae</span> <span class='ocrx_word' id='word_1_61' title='bbox 1761 1523 2027 1606; x_wconf 83' lang='lat' dir='ltr'>Missae,</span> <span class='ocrx_word' id='word_1_62' title='bbox 2102 1527 2252 1592; x_wconf 91' lang='lat' dir='ltr'>sive</span> 
     </span>
     <span class='ocr_line' id='line_1_12' title="bbox 215 1610 2254 1696; baseline -0.001 -13"><span class='ocrx_word' id='word_1_63' title='bbox 215 1615 587 1691; x_wconf 82' lang='lat' dir='ltr'>solemneS,</span> <span class='ocrx_word' id='word_1_64' title='bbox 640 1612 790 1677; x_wconf 90' lang='lat' dir='ltr'>sive</span> <span class='ocrx_word' id='word_1_65' title='bbox 840 1612 1154 1696; x_wconf 83' lang='lat' dir='ltr'>privatae,</span> <span class='ocrx_word' id='word_1_66' title='bbox 1205 1610 1529 1677; x_wconf 86' lang='lat' dir='ltr'>dicendae</span> <span class='ocrx_word' id='word_1_67' title='bbox 1580 1614 1721 1678; x_wconf 89' lang='lat' dir='ltr'>sint</span> <span class='ocrx_word' id='word_1_68' title='bbox 1767 1612 1857 1679; x_wconf 90' lang='lat' dir='ltr'>ad</span> <span class='ocrx_word' id='word_1_69' title='bbox 1920 1614 2089 1681; x_wconf 91' lang='lat' dir='ltr'>illud</span> <span class='ocrx_word' id='word_1_70' title='bbox 2135 1612 2254 1680; x_wconf 90' lang='lat' dir='ltr'>Al-</span> 
     </span>
     <span class='ocr_line' id='line_1_13' title="bbox 204 1699 1761 1784; baseline -0.003 -13"><span class='ocrx_word' id='word_1_71' title='bbox 204 1716 380 1784; x_wconf 88' lang='lat' dir='ltr'>tare,</span> <span class='ocrx_word' id='word_1_72' title='bbox 429 1712 500 1769; x_wconf 92' lang='lat' dir='ltr'>et</span> <span class='ocrx_word' id='word_1_73' title='bbox 544 1702 613 1767; x_wconf 90' lang='lat' dir='ltr'>in</span> <span class='ocrx_word' id='word_1_74' title='bbox 662 1699 778 1765; x_wconf 89' lang='lat' dir='ltr'>tali</span> <span class='ocrx_word' id='word_1_75' title='bbox 829 1722 996 1767; x_wconf 90' lang='lat' dir='ltr'>casu</span> <span class='ocrx_word' id='word_1_76' title='bbox 1046 1700 1202 1766; x_wconf 89' lang='lat' dir='ltr'>haec</span> <span class='ocrx_word' id='word_1_77' title='bbox 1245 1701 1761 1767; x_wconf 85' lang='lat' dir='ltr'>observentur:</span> 
     </span>
    </p>

    <p class='ocr_par' dir='ltr' id='par_1_6' title="bbox 201 1787 2253 2412">
     <span class='ocr_line' id='line_1_14' title="bbox 346 1787 2250 1876; baseline -0.002 -17"><span class='ocrx_word' id='word_1_78' title='bbox 346 1797 402 1875; x_wconf 89' lang='lat'>1)</span> <span class='ocrx_word' id='word_1_79' title='bbox 450 1790 841 1859; x_wconf 91' lang='lat' dir='ltr'>Celebrans</span> <span class='ocrx_word' id='word_1_80' title='bbox 889 1802 961 1855; x_wconf 95' lang='lat' dir='ltr'>et</span> <span class='ocrx_word' id='word_1_81' title='bbox 1027 1787 1323 1855; x_wconf 91' lang='lat' dir='ltr'>Ministri</span> <span class='ocrx_word' id='word_1_82' title='bbox 1399 1790 1655 1855; x_wconf 89' lang='lat' dir='ltr'>debent</span> <span class='ocrx_word' id='word_1_83' title='bbox 1725 1790 1987 1875; x_wconf 87' lang='lat' dir='ltr'>duplici</span> <span class='ocrx_word' id='word_1_84' title='bbox 2060 1812 2250 1876; x_wconf 84' lang='lat' dir='ltr'>genu</span> 
     </span>
     <span class='ocr_line' id='line_1_15' title="bbox 204 1876 2253 1964; baseline -0.001 -17"><span class='ocrx_word' id='word_1_85' title='bbox 204 1880 494 1948; x_wconf 87' lang='lat' dir='ltr'>flectere</span> <span class='ocrx_word' id='word_1_86' title='bbox 540 1878 609 1944; x_wconf 90' lang='lat' dir='ltr'>in</span> <span class='ocrx_word' id='word_1_87' title='bbox 659 1878 884 1964; x_wconf 87' lang='lat' dir='ltr'>primo</span> <span class='ocrx_word' id='word_1_88' title='bbox 933 1899 1223 1944; x_wconf 90' lang='lat' dir='ltr'>accessu</span> <span class='ocrx_word' id='word_1_89' title='bbox 1271 1878 1360 1943; x_wconf 89' lang='lat' dir='ltr'>ad</span> <span class='ocrx_word' id='word_1_90' title='bbox 1408 1876 1657 1944; x_wconf 89' lang='lat' dir='ltr'>Altare</span> <span class='ocrx_word' id='word_1_91' title='bbox 1705 1890 1777 1944; x_wconf 93' lang='lat' dir='ltr'>et</span> <span class='ocrx_word' id='word_1_92' title='bbox 1846 1879 1915 1944; x_wconf 90' lang='lat' dir='ltr'>in</span> <span class='ocrx_word' id='word_1_93' title='bbox 1967 1900 2253 1945; x_wconf 86' lang='lat' dir='ltr'>recessu</span> 
     </span>
     <span class='ocr_line' id='line_1_16' title="bbox 205 1965 2247 2053; baseline -0.001 -16"><span class='ocrx_word' id='word_1_94' title='bbox 205 1971 300 2037; x_wconf 91' lang='lat' dir='ltr'>ab</span> <span class='ocrx_word' id='word_1_95' title='bbox 348 1991 455 2047; x_wconf 87' lang='lat' dir='ltr'>eo;</span> <span class='ocrx_word' id='word_1_96' title='bbox 507 1968 714 2033; x_wconf 90' lang='lat' dir='ltr'>unico</span> <span class='ocrx_word' id='word_1_97' title='bbox 762 1978 1030 2033; x_wconf 89' lang='lat' dir='ltr'>tantum</span> <span class='ocrx_word' id='word_1_98' title='bbox 1078 1988 1267 2053; x_wconf 86' lang='lat' dir='ltr'>genu</span> <span class='ocrx_word' id='word_1_99' title='bbox 1316 1967 1499 2032; x_wconf 91' lang='lat' dir='ltr'>intra</span> <span class='ocrx_word' id='word_1_100' title='bbox 1532 1965 1825 2033; x_wconf 84' lang='lat' dir='ltr'>Missam</span> <span class='ocrx_word' id='word_1_101' title='bbox 1860 1966 1882 1997; x_wconf 76' lang='lat'><strong>³</strong></span> <span class='ocrx_word' id='word_1_102' title='bbox 1916 1992 1929 2034; x_wconf 78' lang='grc' dir='ltr'>ε</span> <span class='ocrx_word' id='word_1_103' title='bbox 1962 1979 2033 2033; x_wconf 91' lang='lat' dir='ltr'>et</span> <span class='ocrx_word' id='word_1_104' title='bbox 2066 1968 2247 2034; x_wconf 91' lang='lat' dir='ltr'>hanc</span> 
     </span>
     <span class='ocr_line' id='line_1_17' title="bbox 205 2055 2251 2144; baseline -0.001 -18"><span class='ocrx_word' id='word_1_105' title='bbox 205 2058 499 2126; x_wconf 87' lang='lat' dir='ltr'>alteram</span> <span class='ocrx_word' id='word_1_106' title='bbox 547 2055 1114 2143; x_wconf 86' lang='lat' dir='ltr'>genuflexionem</span> <span class='ocrx_word' id='word_1_107' title='bbox 1148 2077 1365 2141; x_wconf 90' lang='lat' dir='ltr'>agere</span> <span class='ocrx_word' id='word_1_108' title='bbox 1399 2066 1678 2142; x_wconf 84' lang='lat' dir='ltr'>oportet</span> <span class='ocrx_word' id='word_1_109' title='bbox 1710 2055 1989 2144; x_wconf 88' lang='lat' dir='ltr'>quoties</span> <span class='ocrx_word' id='word_1_110' title='bbox 2023 2079 2063 2122; x_wconf 90' lang='lat' dir='ltr'>a</span> <span class='ocrx_word' id='word_1_111' title='bbox 2106 2079 2251 2123; x_wconf 92' lang='lat' dir='ltr'>me-</span> 
     </span>
     <span class='ocr_line' id='line_1_18' title="bbox 201 2142 2246 2224; baseline -0.001 -9"><span class='ocrx_word' id='word_1_112' title='bbox 201 2148 324 2215; x_wconf 91' lang='lat' dir='ltr'>dio</span> <span class='ocrx_word' id='word_1_113' title='bbox 371 2146 638 2214; x_wconf 90' lang='lat' dir='ltr'>Altaris</span> <span class='ocrx_word' id='word_1_114' title='bbox 687 2145 776 2212; x_wconf 90' lang='lat' dir='ltr'>ad</span> <span class='ocrx_word' id='word_1_115' title='bbox 823 2145 1022 2224; x_wconf 89' lang='lat' dir='ltr'>latus,</span> <span class='ocrx_word' id='word_1_116' title='bbox 1075 2142 1189 2210; x_wconf 89' lang='lat' dir='ltr'>vel</span> <span class='ocrx_word' id='word_1_117' title='bbox 1236 2166 1276 2209; x_wconf 90' lang='lat' dir='ltr'>a</span> <span class='ocrx_word' id='word_1_118' title='bbox 1323 2144 1541 2211; x_wconf 89' lang='lat' dir='ltr'>latere</span> <span class='ocrx_word' id='word_1_119' title='bbox 1576 2146 1666 2212; x_wconf 89' lang='lat' dir='ltr'>ad</span> <span class='ocrx_word' id='word_1_120' title='bbox 1719 2146 2029 2212; x_wconf 90' lang='lat' dir='ltr'>medium</span> <span class='ocrx_word' id='word_1_121' title='bbox 2065 2156 2246 2212; x_wconf 91' lang='lat' dir='ltr'>tran·</span> 
     </span>
     <span class='ocr_line' id='line_1_19' title="bbox 203 2231 2248 2320; baseline -0.001 -16"><span class='ocrx_word' id='word_1_122' title='bbox 203 2236 382 2304; x_wconf 88' lang='lat' dir='ltr'>situs</span> <span class='ocrx_word' id='word_1_123' title='bbox 413 2235 509 2315; x_wconf 91' lang='lat' dir='ltr'>fit,</span> <span class='ocrx_word' id='word_1_124' title='bbox 562 2235 728 2300; x_wconf 89' lang='lat' dir='ltr'>item</span> <span class='ocrx_word' id='word_1_125' title='bbox 779 2244 1150 2320; x_wconf 88' lang='lat' dir='ltr'>antequam</span> <span class='ocrx_word' id='word_1_126' title='bbox 1188 2231 1581 2300; x_wconf 90' lang='lat' dir='ltr'>Celebrans</span> <span class='ocrx_word' id='word_1_127' title='bbox 1630 2245 2000 2301; x_wconf 88' lang='lat' dir='ltr'>convertat</span> <span class='ocrx_word' id='word_1_128' title='bbox 2047 2255 2124 2301; x_wconf 93' lang='lat' dir='ltr'>se</span> <span class='ocrx_word' id='word_1_129' title='bbox 2157 2235 2248 2302; x_wconf 91' lang='lat' dir='ltr'>ad</span> 
     </span>
     <span class='ocr_line' id='line_1_20' title="bbox 204 2321 2134 2412; baseline -0.001 -20"><span class='ocrx_word' id='word_1_130' title='bbox 204 2324 541 2412; x_wconf 91' lang='lat' dir='ltr'>populum</span> <span class='ocrx_word' id='word_1_131' title='bbox 595 2335 664 2389; x_wconf 89' lang='lat' dir='ltr'>et</span> <span class='ocrx_word' id='word_1_132' title='bbox 712 2344 869 2388; x_wconf 91' lang='lat' dir='ltr'>cum</span> <span class='ocrx_word' id='word_1_133' title='bbox 921 2323 1154 2389; x_wconf 93' lang='lat' dir='ltr'>denuo</span> <span class='ocrx_word' id='word_1_134' title='bbox 1204 2323 1291 2388; x_wconf 90' lang='lat' dir='ltr'>ad</span> <span class='ocrx_word' id='word_1_135' title='bbox 1338 2321 1589 2389; x_wconf 87' lang='lat' dir='ltr'>Altare</span> <span class='ocrx_word' id='word_1_136' title='bbox 1639 2345 1714 2389; x_wconf 88' lang='lat' dir='ltr'>se</span> <span class='ocrx_word' id='word_1_137' title='bbox 1765 2323 2134 2390; x_wconf 90' lang='lat' dir='ltr'>convertit.</span> 
     </span>
    </p>

    <p class='ocr_par' dir='ltr' id='par_1_7' title="bbox 197 2409 2249 2854">
     <span class='ocr_line' id='line_1_21' title="bbox 337 2409 2246 2496; baseline -0.002 -16"><span class='ocrx_word' id='word_1_138' title='bbox 337 2418 402 2496; x_wconf 89' lang='lat'>2)</span> <span class='ocrx_word' id='word_1_139' title='bbox 451 2411 976 2478; x_wconf 88' lang='lat' dir='ltr'>Incensationes</span> <span class='ocrx_word' id='word_1_140' title='bbox 1025 2409 1330 2490; x_wconf 89' lang='lat' dir='ltr'>Oblatae,</span> <span class='ocrx_word' id='word_1_141' title='bbox 1365 2411 1635 2478; x_wconf 88' lang='lat' dir='ltr'>Altaris</span> <span class='ocrx_word' id='word_1_142' title='bbox 1668 2424 1736 2478; x_wconf 91' lang='lat' dir='ltr'>et</span> <span class='ocrx_word' id='word_1_143' title='bbox 1761 2412 2246 2480; x_wconf 90' lang='lat' dir='ltr'>Ministrorum</span> 
     </span>
     <span class='ocr_line' id='line_1_22' title="bbox 197 2499 2249 2587; baseline 0 -19"><span class='ocrx_word' id='word_1_144' title='bbox 197 2502 392 2579; x_wconf 91' lang='lat' dir='ltr'>fiunt,</span> <span class='ocrx_word' id='word_1_145' title='bbox 443 2501 634 2587; x_wconf 92' lang='lat' dir='ltr'>prius</span> <span class='ocrx_word' id='word_1_146' title='bbox 683 2501 844 2568; x_wconf 87' lang='lat' dir='ltr'>data</span> <span class='ocrx_word' id='word_1_147' title='bbox 894 2500 1385 2567; x_wconf 89' lang='lat' dir='ltr'>benedictione</span> <span class='ocrx_word' id='word_1_148' title='bbox 1433 2501 1723 2581; x_wconf 88' lang='lat' dir='ltr'>incensi,</span> <span class='ocrx_word' id='word_1_149' title='bbox 1762 2522 1959 2566; x_wconf 88' lang='lat' dir='ltr'>more</span> <span class='ocrx_word' id='word_1_150' title='bbox 1991 2499 2249 2568; x_wconf 88' lang='lat' dir='ltr'>solito:</span> 
     </span>
     <span class='ocr_line' id='line_1_23' title="bbox 199 2589 2243 2676; baseline -0.001 -19"><span class='ocrx_word' id='word_1_151' title='bbox 199 2591 331 2657; x_wconf 89' lang='lat' dir='ltr'>sed</span> <span class='ocrx_word' id='word_1_152' title='bbox 375 2590 535 2656; x_wconf 91' lang='lat' dir='ltr'>loco</span> <span class='ocrx_word' id='word_1_153' title='bbox 583 2589 853 2668; x_wconf 77' lang='lat' dir='ltr'>CruciS,</span> <span class='ocrx_word' id='word_1_154' title='bbox 905 2590 1228 2676; x_wconf 90' lang='lat' dir='ltr'>quamvis</span> <span class='ocrx_word' id='word_1_155' title='bbox 1279 2590 1433 2656; x_wconf 88' lang='lat' dir='ltr'>haec</span> <span class='ocrx_word' id='word_1_156' title='bbox 1486 2611 1699 2676; x_wconf 90' lang='lat' dir='ltr'>super</span> <span class='ocrx_word' id='word_1_157' title='bbox 1730 2589 1958 2656; x_wconf 89' lang='lat' dir='ltr'>Altari</span> <span class='ocrx_word' id='word_1_158' title='bbox 1994 2599 2243 2671; x_wconf 87' lang='lat' dir='ltr'>exstet,</span> 
     </span>
     <span class='ocr_line' id='line_1_24' title="bbox 197 2676 2247 2765; baseline -0.001 -19"><span class='ocrx_word' id='word_1_159' title='bbox 197 2680 623 2758; x_wconf 88' lang='lat' dir='ltr'>incensatur,</span> <span class='ocrx_word' id='word_1_160' title='bbox 652 2677 912 2764; x_wconf 86' lang='lat' dir='ltr'>duplici</span> <span class='ocrx_word' id='word_1_161' title='bbox 961 2679 1101 2743; x_wconf 90' lang='lat' dir='ltr'>ictu</span> <span class='ocrx_word' id='word_1_162' title='bbox 1148 2679 1216 2744; x_wconf 92' lang='lat' dir='ltr'>in</span> <span class='ocrx_word' id='word_1_163' title='bbox 1268 2679 1523 2765; x_wconf 89' lang='lat' dir='ltr'>triplici</span> <span class='ocrx_word' id='word_1_164' title='bbox 1560 2678 1792 2752; x_wconf 87' lang='lat' dir='ltr'>ductu,</span> <span class='ocrx_word' id='word_1_165' title='bbox 1826 2676 1943 2747; x_wconf 87' lang='lat' dir='ltr'>Ss.</span> <span class='ocrx_word' id='word_1_166' title='bbox 1992 2676 2247 2745; x_wconf 85' lang='lat' dir='ltr'>Sacra—</span> 
     </span>
     <span class='ocr_line' id='line_1_25' title="bbox 198 2765 2225 2854; baseline 0 -20"><span class='ocrx_word' id='word_1_167' title='bbox 198 2778 537 2847; x_wconf 88' lang='lat' dir='ltr'>mentum,</span> <span class='ocrx_word' id='word_1_168' title='bbox 585 2768 890 2854; x_wconf 86' lang='lat' dir='ltr'>genibus</span> <span class='ocrx_word' id='word_1_169' title='bbox 937 2765 1137 2833; x_wconf 84' lang='lat' dir='ltr'>flexis</span> <span class='ocrx_word' id='word_1_170' title='bbox 1187 2789 1401 2853; x_wconf 91' lang='lat' dir='ltr'>super</span> <span class='ocrx_word' id='word_1_171' title='bbox 1447 2767 1748 2853; x_wconf 88' lang='lat' dir='ltr'>gradum</span> <span class='ocrx_word' id='word_1_172' title='bbox 1798 2788 2225 2853; x_wconf 90' lang='lat' dir='ltr'>supremum.</span> 
     </span>
    </p>

    <p class='ocr_par' dir='ltr' id='par_1_8' title="bbox 193 2855 2247 3120">
     <span class='ocr_line' id='line_1_26' title="bbox 334 2855 2245 2944; baseline -0.001 -21"><span class='ocrx_word' id='word_1_173' title='bbox 334 2862 402 2944; x_wconf 88' lang='lat'>3)</span> <span class='ocrx_word' id='word_1_174' title='bbox 451 2855 795 2923; x_wconf 89' lang='lat' dir='ltr'>Osculum</span> <span class='ocrx_word' id='word_1_175' title='bbox 842 2877 1088 2921; x_wconf 87' lang='lat' dir='ltr'>manus</span> <span class='ocrx_word' id='word_1_176' title='bbox 1122 2855 1566 2924; x_wconf 91' lang='lat' dir='ltr'>Celebrantis</span> <span class='ocrx_word' id='word_1_177' title='bbox 1599 2856 1940 2922; x_wconf 89' lang='lat' dir='ltr'>omittitur</span> <span class='ocrx_word' id='word_1_178' title='bbox 1972 2867 2245 2921; x_wconf 89' lang='lat' dir='ltr'>tantum</span> 
     </span>
     <span class='ocr_line' id='line_1_27' title="bbox 194 2943 2245 3031; baseline 0 -20"><span class='ocrx_word' id='word_1_179' title='bbox 194 2945 366 3012; x_wconf 89' lang='lat' dir='ltr'>dum</span> <span class='ocrx_word' id='word_1_180' title='bbox 401 2967 440 3010; x_wconf 92' lang='lat' dir='ltr'>a</span> <span class='ocrx_word' id='word_1_181' title='bbox 472 2943 794 3011; x_wconf 88' lang='lat' dir='ltr'>Diacono</span> <span class='ocrx_word' id='word_1_182' title='bbox 827 2945 1187 3011; x_wconf 87' lang='lat' dir='ltr'>incensum</span> <span class='ocrx_word' id='word_1_183' title='bbox 1223 2944 1632 3031; x_wconf 84' lang='lat' dir='ltr'>porrigitur,</span> <span class='ocrx_word' id='word_1_184' title='bbox 1666 2944 1782 3011; x_wconf 90' lang='lat' dir='ltr'>vel</span> <span class='ocrx_word' id='word_1_185' title='bbox 1812 2944 2245 3011; x_wconf 88' lang='lat' dir='ltr'>thuribulum</span> 
     </span>
     <span class='ocr_line' id='line_1_28' title="bbox 193 3032 2247 3120; baseline 0 -20"><span class='ocrx_word' id='word_1_186' title='bbox 193 3034 516 3115; x_wconf 87' lang='lat' dir='ltr'>traditur,</span> <span class='ocrx_word' id='word_1_187' title='bbox 567 3055 706 3099; x_wconf 91' lang='lat' dir='ltr'>non</span> <span class='ocrx_word' id='word_1_188' title='bbox 755 3035 825 3099; x_wconf 92' lang='lat' dir='ltr'>in</span> <span class='ocrx_word' id='word_1_189' title='bbox 861 3033 1168 3120; x_wconf 83' lang='lat' dir='ltr'>reliquiS,</span> <span class='ocrx_word' id='word_1_190' title='bbox 1202 3033 1488 3120; x_wconf 91' lang='lat' dir='ltr'>quando</span> <span class='ocrx_word' id='word_1_191' title='bbox 1523 3032 1691 3101; x_wconf 90' lang='lat' dir='ltr'>illud</span> <span class='ocrx_word' id='word_1_192' title='bbox 1738 3033 2247 3120; x_wconf 85' lang='lat' dir='ltr'>praescribitur.</span> 
     </span>
    </p>
   </div>
   <div class='ocr_carea' id='block_1_5' title="bbox 292 3261 1816 3476">
    <p class='ocr_par' dir='ltr' id='par_1_9' title="bbox 292 3261 1816 3476">
     <span class='ocr_line' id='line_1_29' title="bbox 299 3261 1681 3335; baseline 0.001 -19"><span class='ocrx_word' id='word_1_193' title='bbox 299 3265 351 3331; x_wconf 91' lang='lat'>1)</span> <span class='ocrx_word' id='word_1_194' title='bbox 389 3263 454 3320; x_wconf 89' lang='lat' dir='ltr'>S.</span> <span class='ocrx_word' id='word_1_195' title='bbox 491 3263 563 3317; x_wconf 91' lang='lat' dir='ltr'>R.</span> <span class='ocrx_word' id='word_1_196' title='bbox 601 3261 665 3318; x_wconf 91' lang='lat' dir='ltr'>C.</span> <span class='ocrx_word' id='word_1_197' title='bbox 708 3280 775 3331; x_wconf 86' lang='lat'>13</span> <span class='ocrx_word' id='word_1_198' title='bbox 805 3262 966 3333; x_wconf 89' lang='lat' dir='ltr'>Junii</span> <span class='ocrx_word' id='word_1_199' title='bbox 1006 3263 1160 3332; x_wconf 92' lang='lat'>1671,</span> <span class='ocrx_word' id='word_1_200' title='bbox 1201 3281 1257 3317; x_wconf 92' lang='lat' dir='ltr'>n.</span> <span class='ocrx_word' id='word_1_201' title='bbox 1299 3280 1455 3335; x_wconf 82' lang='lat'>1421,</span> <span class='ocrx_word' id='word_1_202' title='bbox 1488 3263 1571 3317; x_wconf 82' lang='lat' dir='ltr'>ad</span> <span class='ocrx_word' id='word_1_203' title='bbox 1609 3262 1681 3318; x_wconf 91' lang='lat' dir='ltr'>V.</span> 
     </span>
     <span class='ocr_line' id='line_1_30' title="bbox 292 3332 1643 3406; baseline 0.001 -18"><span class='ocrx_word' id='word_1_204' title='bbox 292 3336 352 3403; x_wconf 81' lang='lat'>2)</span> <span class='ocrx_word' id='word_1_205' title='bbox 387 3335 450 3390; x_wconf 87' lang='lat' dir='ltr'>S.</span> <span class='ocrx_word' id='word_1_206' title='bbox 485 3334 558 3389; x_wconf 90' lang='lat' dir='ltr'>R.</span> <span class='ocrx_word' id='word_1_207' title='bbox 595 3332 660 3388; x_wconf 93' lang='lat' dir='ltr'>C.</span> <span class='ocrx_word' id='word_1_208' title='bbox 702 3350 765 3388; x_wconf 93' lang='lat'>11</span> <span class='ocrx_word' id='word_1_209' title='bbox 810 3333 948 3401; x_wconf 89' lang='lat' dir='ltr'>Maji</span> <span class='ocrx_word' id='word_1_210' title='bbox 995 3335 1147 3403; x_wconf 89' lang='lat'>1878,</span> <span class='ocrx_word' id='word_1_211' title='bbox 1190 3351 1247 3390; x_wconf 93' lang='lat' dir='ltr'>n.</span> <span class='ocrx_word' id='word_1_212' title='bbox 1282 3338 1447 3406; x_wconf 82' lang='lat'>3448,</span> <span class='ocrx_word' id='word_1_213' title='bbox 1487 3334 1563 3388; x_wconf 90' lang='lat' dir='ltr'>ad</span> <span class='ocrx_word' id='word_1_214' title='bbox 1602 3333 1643 3389; x_wconf 92' lang='lat' dir='ltr'>I.</span> 
     </span>
     <span class='ocr_line' id='line_1_31' title="bbox 294 3404 1816 3476; baseline 0 -16"><span class='ocrx_word' id='word_1_215' title='bbox 294 3409 351 3476; x_wconf 86' lang='lat'>3)</span> <span class='ocrx_word' id='word_1_216' title='bbox 387 3404 450 3462; x_wconf 90' lang='lat' dir='ltr'>S.</span> <span class='ocrx_word' id='word_1_217' title='bbox 486 3405 560 3460; x_wconf 91' lang='lat' dir='ltr'>R.</span> <span class='ocrx_word' id='word_1_218' title='bbox 596 3405 660 3460; x_wconf 90' lang='lat' dir='ltr'>C.</span> <span class='ocrx_word' id='word_1_219' title='bbox 704 3423 770 3459; x_wconf 90' lang='lat'>12</span> <span class='ocrx_word' id='word_1_220' title='bbox 810 3405 956 3459; x_wconf 90' lang='lat' dir='ltr'>Nov.</span> <span class='ocrx_word' id='word_1_221' title='bbox 999 3406 1153 3474; x_wconf 86' lang='lat'>1831,</span> <span class='ocrx_word' id='word_1_222' title='bbox 1195 3423 1250 3460; x_wconf 91' lang='lat' dir='ltr'>n.</span> <span class='ocrx_word' id='word_1_223' title='bbox 1288 3408 1451 3470; x_wconf 83' lang='lat'>2682,</span> <span class='ocrx_word' id='word_1_224' title='bbox 1490 3406 1565 3460; x_wconf 90' lang='lat' dir='ltr'>ad</span> <span class='ocrx_word' id='word_1_225' title='bbox 1603 3405 1816 3461; x_wconf 91' lang='lat' dir='ltr'><strong>XLIX.</strong></span> 
     </span>
    </p>
   </div>
  </div>
 </body>
</html>
