2713 4137
507 235 594 321 64
776 259 865 304 DE
911 259 1421 306 RELATIONIBUS
1472 248 2151 312 orr1c10RuM'iNTER
2199 249 2279 312 'SE

644 382 899 466 Quoad
949 384 1336 450 secundum
1409 405 1668 465 casum,
1746 384 1817 452 id
1876 398 1985 453 est
2056 388 2557 455 retinendum:

507 469 587 540 Si
635 472 888 538 festum
961 471 1204 540 Sancti
1273 473 1732 540 Confessoris
1803 473 2290 560 transferatur„
2342 477 2559 562 juxta

505 562 968 628 occurrentiae
1017 561 1236 647 legeS,
1292 585 1333 628 a
1381 563 1493 628 die
1542 563 1775 629 obitus
1825 564 1892 628 in
1925 563 2109 630 diem
2143 565 2556 642 immediate

505 661 938 736 sequentem,
1009 660 1218 737 atque
1289 651 1380 718 de
1455 651 1721 720 Sancto
1783 651 2119 719 translato
2198 652 2553 743 Vesperae

502 739 772 825 primae,
822 760 983 826 quae
1033 739 1193 806 ideo
1241 741 1310 806 in
1362 741 1475 808 die
1524 740 1755 806 obitus
1806 740 2149 822 dicuntur,
2196 741 2368 810 fiant
2423 757 2551 812 aut

501 831 824 914 integrae,
875 839 993 894 aut
1041 828 1290 895 saltem
1323 851 1364 894 a
1397 828 1718 915 capitulo,
1752 839 1899 894 tum
1932 830 2000 894 in
2036 831 2143 896 his
2176 829 2549 919 Vesperis,·

501 927 646 982 turn
695 917 763 982 in
811 917 1082 1004 reliquo
1132 915 1411 998 Officio,
1462 917 1652 1004 quod
1699 917 2041 1003 postridie
2089 920 2545 1005 persolvitur,

499 1005 566 1071 in
617 1007 840 1091 prima
889 1006 1178 1092 strophe
1233 1006 1475 1092 hymni
1524 1005 1665 1072 Iste
1716 1004 2084 1092 Confessor
2162 1009 2547 1076 dicendum

500 1106 608 1162 est
653 1094 919 1161 Merm't
961 1093 1212 1174 beataS,
1247 1107 1381 1162 etc.
1405 1119 1423 1176 3
1472 1105 1565 1173 ut,
1616 1115 1703 1160 eo
1752 1095 1961 1161 modo
2010 1117 2152 1183 quo
2198 1096 2544 1165 Officium

501 1193 608 1250 est
653 1185 1053 1268 incoeptum,
1103 1183 1311 1249 etiam
1363 1184 1789 1250 absolvatur.
1837 1183 2287 1270 Exemplum:
2361 1186 2542 1255 Dies

503 1295 583 1338 12
629 1273 861 1339 Martii
912 1283 1021 1338 est
1067 1271 1373 1338 natalitia
1421 1273 1497 1340 S.
1548 1270 1882 1356 Gregorii
1931 1271 1979 1339 Ι.
2034 1271 2249 1360 Papae
2298 1287 2370 1342 et
2414 1275 2542 1343 Ec·

498 1361 732 1428 clesiae
780 1360 1132 1443 DoctoriS,
1181 1383 1399 1448 quare
1432 1362 1500 1427 in
1554 1359 1709 1446 ejus
1744 1359 2023 1440 Officio,
2062 1363 2252 1449 quod
2287 1365 2541 1432 eadem

497 1452 609 1518 die
659 1449 1105 1537 persolvitur,
1156 1472 1294 1516 non
1347 1461 1654 1516 mutatur
1701 1449 2033 1536 strophes
2084 1452 2344 1538 ,hymni
2396 1457 2539 1530 Iste

499 1540 888 1626 Confessor,
940 1539 1062 1606 sed
1114 1539 1420 1624 legitur:
1491 1539 1759 1604 Merm’t
1824 1537 2077 1619 beataS,
2131 1551 2261 1606 etc.
2334 1539 2419 1610 Si
2468 1543 2540 1608 in

495 1629 904 1715 praedictam
956 1629 1142 1696 diem
1190 1627 1448 1695 incidat
1511 1626 1744 1714 aliqua
1799 1649 1889 1694 ex
1937 1626 2327 1695 Dominicis
2394 1633 2534 1717 pri-

493 1717 846 1802 vilegiatis
897 1716 1510 1804 Quadragesimae,
1588 1717 1674 1784 de
1733 1716 1863 1782 hac
1936 1716 2150 1782 debet
2197 1717 2537 1786 Officium

493 1808 762 1892 peragi,
788 1805 991 1892 juxta
1039 1806 1359 1892 regulam
1406 1805 1456 1872 I.
1506 1805 1972 1872 occurrentiae
2019 1804 2131 1889 (cf.
2168 1828 2233 1873 n.
2282 1808 2417 1893 48),
2470 1820 2540 1875 et

494 1893 828 1961 Officium
877 1895 956 1963 S.
992 1893 1326 1981 Gregorii
1361 1893 1929 1961 transferendum
1972 1904 2080 1960 est
2112 1895 2179 1960 in
2231 1897 2534 1981 primam

493 1983 676 2049 diem
724 1983 1038 2064 liberam,
1111 2006 1321 2072 quam
1394 1983 1507 2048 hic
1583 1984 2046 2070 supponimus
2118 2003 2277 2050 esse
2340 1985 2535 2051 diem

496 2094 576 2160 13
622 2073 879 2139 Martii.
927 2072 1152 2139 Porro
1186 2074 1339 2139 haec
1391 2072 1611 2139 altera
1668 2073 1819 2140 dies
1884 2092 2024 2138 non
2071 2072 2372 2159 amplius
2422 2087 2529 2141 est

490 2160 805 2246 ejusdem
840 2161 1080 2230 Sancti
1116 2162 1444 2242 natalitia,
1479 2161 1781 2247 ideoque
1806 2161 1877 2225 in
1908 2157 2166 2227 Officio
2195 2162 2531 2249 strophes

492 2250 736 2336 hymni
805 2254 943 2317 Iste
993 2249 1367 2332 Confessor
1433 2260 1622 2316 esset
1669 2250 2019 2328 mutanda,
2071 2259 2140 2314 et
2203 2248 2345 2336 legi
2415 2252 2533 2318 de-

490 2339 688 2404 beret
719 2362 733 2405 :
781 2338 1050 2405 Meruz't
1085 2347 1458 2425 supremo&
1494 2348 1625 2405 ete.
1659 2336 2154 2417 Nihilominus,
2189 2340 2528 2424 quoniam

488 2427 601 2494 die
655 2449 755 2507 12,
819 2449 981 2514 quae
1015 2428 1318 2494 natalitia
1349 2438 1478 2508 est,
1521 2428 1843 2493 dicuntur
1889 2427 2139 2514 primae
2182 2424 2531 2513 Vesperae

484 2517 783 2603 integrae
833 2516 1077 2585 Sancti
1126 2515 1480 2603 Gregorii,
1518 2516 1689 2581 etin
1737 2514 1848 2581 his
1899 2514 2227 2600 strophes
2276 2516 2525 2602 hymni

484 2600 626 2671 nor'1
661 2616 986 2685 mutatur,
1034 2606 1332 2693 praecise
1382 2604 1545 2692 qui-a
1593 2605 1661 2669 in
1715 2604 1827 2670 die
1885 2604 2194 2670 natalitia
2240 2604 2524 2691 legitur,

483 2694 644 2761 ideo
693 2694 902 2761 etiam
949 2694 1288 2781 postridie
1338 2692 1525 2761 nulla
1572 2693 1862 2758 mutatio
1909 2692 2005 2759 fit.

614 2782 809 2864 Item,
860 2783 918 2849 si
964 2782 1220 2849 festum
1269 2794 1591 2848 octavam
1642 2782 1911 2848 habens
1958 2779 2429 2847 transferatur
2486 2805 2525 2849 a

480 2870 594 2937 die
642 2871 874 2937 obitus
921 2870 1011 2938 ad
1057 2871 1261 2937 aliam
1311 2871 1495 2937 diem
1541 2870 1723 2936 infra
1779 2869 2100 2937 eamdem
2172 2880 2519 2953 octavam,

479 2960 547 3025 in
596 2961 726 3027 hac
775 2971 843 3026 et
892 2959 1180 3046 reliquis
1237 2977 1507 3026 octavae
1579 2960 1849 3041 diebus,
1919 2958 2038 3047 qui
2110 2972 2517 3044 supersunt,

479 3048 818 3115 retinetur
850 3047 1117 3114 Meruit
1145 3048 1397 3130 beatas,
1449 3059 1581 3115 ete.
1632 3046 1908 3115 Octava
1956 3046 2143 3113 enim
2184 3047 2278 3113 nil
2327 3046 2518 3115 aliud

479 3147 587 3203 est
619 3158 829 3223 qua-m
862 3135 1023 3203 festi
1057 3137 1537 3225 prosequutio,
1567 3148 1637 3203 et
1658 3136 1822 3202 ideo
1856 3134 2115 3221 singuli
2152 3135 2306 3202 dies
2339 3135 2520 3203 infra

477 3236 800 3292 octavam
871 3226 1220 3293 habentur
1266 3236 1624 3313 tamquam
1674 3225 1824 3291 dies
1869 3223 2176 3306 natalitii,
2243 3223 2518 3291 etiarnsi

476 3336 517 3380 a
561 3335 688 3381 sua
737 3313 848 3380 die
898 3315 1208 3381 natalitia
1259 3314 1518 3381 festum
1568 3315 1796 3401 ipsum
1845 3325 2157 3386 amotum
2205 3310 2447 3385 fuerit.
