2713 4137
413 263 496 308 DE
540 262 1053 310 RELATIONIBUS
1101 262 1527 310 OFF1c10RUM
1573 264 1783 310 INTER
1834 264 1911 310 SE
2088 263 2177 330 43

275 383 382 469 48.
425 382 696 470 Regula
742 381 792 450 Ι.
839 381 1316 472 Prz'vz‘legium.
1370 423 1455 432 -—-
1484 382 1835 451 Nonnulla
1871 383 2179 450 existunt

147 469 393 538 Officia
436 473 527 538 ita
573 471 1037 559 privilegiata,
1115 483 1192 538 ut
1259 472 1586 559 praeferri
1667 473 1969 539 debeant
2040 472 2181 539 cui-

145 582 440 647 cumque
485 559 742 628 Officio
819 583 978 627 cum
1045 561 1217 648 ipsis
1285 562 1708 629 occurrenti.
1780 561 1951 629 Haec
2024 571 2187 628 sunt

146 647 428 716 Officia:
459 648 990 717 Dominicarum
1028 649 1371 736 majorum
1420 649 1471 718 I.
1508 650 1755 718 classis
1790 649 1900 734 (cf.
1934 673 2001 716 n.
2032 653 2143 738 31)
2164 673 2180 730 ;

140 737 465 805 feriarum
534 738 1139 826 privilegiatarum
1209 738 1323 822 (cf.
1400 762 1470 806 n.
1543 744 1701 828 32);
1780 738 2181 826 vigiliarum

139 824 532 894 Nativitatis
589 827 877 894 Domini
935 839 1003 893 et
1073 827 1582 909 Pentecostes;
1654 827 1997 894 festorum
2069 849 2180 893 so-

142 915 553 984 lemniorum
603 927 752 983 tum
799 916 1221 983 universalis
1267 915 1632 998 Ecclesiae,
1682 928 1828 983 tum
1862 915 2177 982 locorum

140 1006 655 1089 particularium
704 1005 818 1090 (cf.
877 1027 943 1070 n.
991 1010 1123 1094 33),
1173 1006 1268 1072 ita
1316 1017 1550 1073 tamen
1609 1017 1684 1072 ut
1752 1004 2176 1071 universalia

142 1095 674 1178 particularibus
725 1093 1188 1181 praevaleant.

261 1183 577 1270 Insuper,
632 1193 799 1250 sunt
846 1183 1172 1270 quaedam
1223 1182 1503 1264 Officia,
1551 1203 1714 1269 quae
1747 1206 1885 1250 non
1916 1182 2175 1249 cedunt

142 1271 260 1337 nisi
340 1273 874 1339 occurrentibus
945 1270 1365 1358 Duplicibus
1434 1272 1483 1338 l.
1556 1272 1823 1352 classiS,
1919 1272 2173 1338 ceteris

140 1371 360 1426 autem
411 1382 696 1446 semper
742 1360 1240 1447 praeferuntur.
1273 1359 1450 1427 Haec
1484 1373 1646 1427 sunt
1697 1360 1953 1428 Officia
1983 1384 1997 1428 :
2032 1359 2178 1426 Do-

139 1449 541 1516 minicarum
595 1447 944 1536 majorum
996 1449 1076 1516 II.
1127 1448 1372 1516 classis
1422 1449 1535 1533 (cf.
1588 1473 1652 1517 n.
1698 1455 1809 1538 31)
1836 1472 1854 1530 ;
1904 1449 2176 1516 dierum

139 1537 307 1693 igfra
357 1550 688 1605 octavam
742 1537 1158 1626 Epiphaniae
1207 1551 1275 1604 et
1326 1539 1463 1606 diei
1512 1550 1784 1606 octavae
1834 1537 2177 1625 Corporis

201 1627 420 1693 bristi.

260 1714 590 1796 Demum,
640 1716 790 1782 dies
840 1730 1090 1783 octava
1142 1716 1560 1797 communiS,
1608 1715 1776 1783 licet
1813 1715 1970 1801 ejus
2002 1716 2179 1782 ritus

141 1803 218 1868 sit
263 1803 546 1892 Duplex
593 1805 843 1886 minor,
894 1803 1082 1871 cedit
1133 1815 1404 1871 tanturn
1467 1807 1999 1872 occurrentibus
2049 1803 2179 1871 Of-

141 1891 304 1958 ficiis
351 1894 532 1959 ritus
579 1891 900 1980 Duplicis
947 1892 996 1960 1.
1046 1903 1114 1959 et
1161 1891 1242 1959 ΙΙ.
1292 1893 1538 1960 classis
1565 1917 1581 1974 3
1631 1894 1935 1981 ideoque
1990 1915 2170 1980 prae-

141 1979 352 2048 fertur
399 1980 680 2049 Officiis
728 1983 1286 2071 quibuscumque
1362 1983 1536 2050 ritus
1584 1981 1903 2070 Duplicis
1950 1983 2159 2048 etiam

143 2070 417 2139 ma‘oris
473 2074 517 2137 ¹.

239 2094 366 2248 J49.
413 2159 694 2247 Regula
739 2158 820 2227 ΙΙ.
871 2160 1104 2227 Ritus.
1138 2159 1218 2228 Si
1253 2160 1419 2227 nulli
1491 2184 1578 2227 ex
1635 2161 2180 2228 occurrentibus

144 2245 403 2316 Officiis
453 2250 785 2336 competit
815 2249 1284 2336 privilegium,
1323 2250 1413 2316 de
1448 2272 1591 2337 quo
1626 2250 1699 2316 in
1736 2248 2177 2337 praecedenti

144 2338 392 2425 regula,
442 2337 942 2405 attendendum
993 2349 1103 2405 est
1147 2338 1235 2404 ad
1284 2338 1520 2420 ritum,
1573 2360 1715 2425 quo
1766 2337 2024 2406 Officia
2057 2359 2179 2424 po-

146 2426 414 2493 tiuntur.
464 2426 640 2493 Illud
689 2438 933 2494 autem
984 2426 1317 2494 Officium
1368 2439 1710 2514 praestare
1766 2440 1839 2494 et
1892 2428 2179 2494 vincere

147 2516 502 2599 oportebit,
557 2515 749 2603 quod
826 2516 1079 2582 altiore
1152 2537 1301 2602 prae
1374 2514 1525 2583 aliis
1578 2516 1959 2603 insignitur
2020 2517 2177 2583 ritu.

147 2602 391 2687 Quare,
438 2604 905 2671 incidentibus
947 2606 1015 2670 in
1052 2604 1381 2671 eamdem
1418 2605 1605 2671 diem
1639 2604 1916 2672 duobus
1953 2604 2177 2685 festis,

149 2696 350 2760 altero
399 2693 575 2759 ritus
622 2691 938 2779 Duplicis
987 2698 1039 2759 Ι.
1088 2692 1356 2775 classiS,
1409 2693 1634 2760 altero
1696 2705 1931 2761 autem
2004 2695 2179 2760 ritus

235 2929 285 2993 1)
320 2924 504 2995 quue
541 2924 657 2979 etsi
695 2924 770 2979 de
813 2942 932 2979 uno
970 2924 1308 2995 eodemque
1347 2924 1576 2979 Sancto
1622 2925 1701 2979 sit
1739 2932 1863 2978 tum
1919 2923 2190 2980 Officium

143 2996 248 3051 diei
281 3005 525 3063 octavae,
564 3002 690 3049 turn
727 2994 999 3050 Officium
1037 2995 1212 3051 simul
1257 3012 1599 3051 occurrens.
1636 2996 1697 3051 S.
1736 2996 1810 3051 R.
1848 2995 1911 3052 C.
1938 3012 2009 3050 20
2033 2995 2192 3079 Aug.

145 3085 284 3137 1901,
320 3067 388 3121 ad
409 3066 483 3121 11.
505 3065 683 3120 Unde
703 3066 958 3137 amplius
980 3084 1100 3121 non
1123 3068 1453 3122 sustinetur
1485 3068 1848 3121 contrarium
1870 3066 2029 3137 quod
2050 3066 2193 3122 dic1t

147 3144 232 3196 Al.
268 3158 306 3195 a
341 3142 549 3209 Carpo
590 3135 783 3208 Comp.
821 3136 972 3192 Bibl.
1011 3138 1127 3193 Lit.
1169 3138 1238 3193 P.
1265 3136 1348 3192 ΙΙ.
1374 3156 1427 3204 c,
1452 3138 1527 3193 X.
1555 3155 1609 3191 n.
1640 3140 1756 3207 148
1787 3136 1889 3207 (I).
1918 3170 1989 3179 --
2015 3136 2191 3205 Quod

147 3210 206 3277 si,
257 3214 598 3265 occurrente
654 3208 752 3263 die
807 3215 1021 3263 octava
1083 3208 1426 3265 Nativitatis
1482 3208 1548 3263 B.
1590 3208 1667 3264 M.
1708 3208 1777 3265 V.
1844 3225 1977 3263 cum
2033 3208 2189 3264 festo

146 3280 240 3336 SS.
274 3278 534 3336 Nominis
572 3278 858 3348 ejusdem,
898 3279 1073 3349 hujus
1110 3279 1374 3350 quidem,
1399 3296 1521 3334 non
1557 3279 1714 3335 illius
1751 3281 2057 3351 peragitur
2082 3278 2184 3333 Of-

147 3352 336 3477 fiduncl'
356 3351 482 3476 ιξιοεῑ
522 3357 618 3405 est
653 3367 730 3404 ex
766 3349 1031 3406 Rubrica
1054 3350 1316 3421 speciali,
1346 3367 1529 3422 quare
1555 3351 1630 3405 ad
1658 3350 1996 3421 exemplum
2024 3350 2177 3405 trahi

151 3440 257 3477 non
326 3440 357 3477 e
398 3428 481 3477 et.
