2713 4137
879 210 964 255 DE
1015 208 1230 255 MISSIS
1279 209 1560 255 VOTlVlS
2104 211 2226 278 113

181 330 648 417 respondens,
699 330 816 395 ubi
865 350 1020 395 eam
1093 326 1499 395 celebrandi
1571 329 1755 396 adsit
1824 353 2048 414 onus;
2100 355 2237 399 ser·

183 419 370 485 vatis
415 417 750 485 Rubricis
800 419 848 483 ¹.
901 446 934 475 υ

315 506 558 573 Ritum
605 506 800 593 quod
849 518 1144 593 spectat,
1192 528 1336 593 quo
1385 506 1647 589 Missae,
1694 519 1841 575 tum
1886 508 2241 590 solemniS,

179 607 332 661 tum
381 596 701 682 privatae,
750 594 1202 661 celebrandae
1249 606 1433 675 sunt,
1482 619 1569 663 ea
1631 559 2035 665 ievocanda
2080 620 2237 666 esse

185 706 569 751 censemus
613 705 778 771 quae
827 684 1132 750 diximus
1181 685 1250 750 in
1298 680 1553 771 Capite
1600 684 1719 753 VI.

1005 884 1295 991 CAPUT·
1325 886 1433 957 lx,

227 1015 360 1125 De
419 1013 710 1096 Missa
763 1014 852 1093 in
912 1014 1385 1115 solemniis
1444 1014 2160 1099 Beatificationis

763 1151 856 1228 et
913 1142 1693 1229 canonizationis.

326 1331 472 1397 131.
506 1308 689 1376 Cum
740 1308 969 1395 primo
1017 1306 1294 1375 Servus
1343 1306 1598 1395 aliquis
1630 1307 1787 1390 Dei,
1823 1310 2240 1378 auctoritate

179 1380 543 1478 Ecclesiae,
593 1398 784 1463 cultu
833 1410 903 1463 et
951 1397 1345 1463 honoribus
1392 1396 1747 1464 Altarium
1796 1410 2117 1485 augetur,
2168 1401 2239 1466 in

181 1488 341 1573 ipso
389 1485 932 1553 Beatificationis
980 1484 1215 1567 Brevi,
1250 1485 1365 1552 vel
1400 1507 1530 1571 per
1560 1486 2008 1572 Rescriptum
2044 1487 2119 1557 S.
2155 1488 2240 1555 R.

183 1574 804 1662 CongregationiS,
871 1575 1286 1641 conceditur
1355 1574 1714 1641 nonnullis
1760 1574 2117 1657 EcclesiiS,
2169 1588 2244 1643 ut

183 1664 366 1731 infra
413 1686 689 1743 annum,
725 1662 839 1730 vel
880 1664 1109 1729 minus
1158 1664 1519 1750 temporis,
1556 1686 1645 1729 ex
1691 1686 1834 1751 quo
1881 1664 2242 1733 Solemnia

183 1755 256 1819 in
304 1716 775 1819 Arcibasilica
825 1750 1163 1819 Vaticana
1211 1753 1565 1819 celebrata
1614 1752 1918 1831 fuerunt,
1970 1755 2039 1819 in
2104 1755 2241 1821 illis

183 1864 469 1929 quoque
517 1842 765 1909 eadem
799 1839 1163 1909 Solemnia
1197 1852 1651 1927 peragantur,
1688 1863 1845 1908 cum
1884 1842 2138 1909 Officio
2173 1855 2242 1909 et

181 1930 426 1997 Missis
476 1932 650 1997 ritus
698 1929 1018 2016 Duplicis
1051 1930 1363 2017 majoris,
1400 1930 1612 2018 idque
1646 1952 1776 2017 per
1808 1931 2116 1998 triduum
2152 1934 2240 1999 ab

186 2018 574 2088 Ordinario
623 2018 1166 2106 designandum.

327 2131 474 2198 132.
520 2108 631 2176 De
681 2109 792 2176 his
842 2109 1182 2176 triduanis
1228 2108 1634 2190 SolemniiS,
1708 2131 1869 2196 quae
1920 2110 2009 2177 ad
2079 2111 2243 2177 octi-

188 2200 426 2279 duum,
478 2220 635 2264 cum
687 2199 923 2284 agitur
971 2198 1058 2265 de
1107 2197 1683 2279 Canonizatione,
1756 2199 2039 2265 extendi
2086 2220 2239 2285 pos-

187 2297 372 2369 sunt,
423 2286 799 2354 Instructio
849 2308 1159 2374 sequens
1209 2286 1373 2352 data
1419 2297 1571 2354 est:

323 2405 356 2436 a
409 2375 587 2443 Haec
633 2375 955 2442 triduana
1017 2374 1385 2442 Solemnia
1434 2375 1832 2442 consistunt
1904 2377 1972 2442 in
2046 2376 2237 2443 cultu

183 2477 256 2534 et
304 2465 698 2532 honoribus
744 2463 1117 2541 Altarium,
1170 2465 1394 2550 prima
1450 2464 1606 2530 vice
1657 2486 1785 2550 per
1855 2475 2003 2530 tres
2082 2464 2236 2532 dies

181 2554 559 2622 continuos
609 2574 794 2619 novo
839 2552 1048 2620 alicui
1096 2551 1318 2619 Beato
1350 2553 1771 2620 tribuendis,
1802 2551 2231 2638 Hujusmodi

183 2645 416 2711 cultus
466 2642 917 2709 caeremoniae
966 2643 1351 2728 praecipuae
1401 2642 1644 2708 stricte
1692 2641 2041 2728 liturgicae
2098 2642 2234 2708 sint

183 2740 486 2819 oportet,
537 2752 700 2818 quae
748 2731 1078 2797 nimirum
1125 2730 1421 2797 Missam
1458 2730 1847 2797 solemnem
1897 2741 1969 2796 et
1999 2731 2231 2812 etiam,

184 2823 245 2888 si
295 2820 669 2887 commode
716 2819 867 2886 fieri
916 2821 1159 2906 possit,
1213 2819 1570 2906 Vesperas
1642 2819 1998 2886 solemnes
2046 2841 2236 2885 com-

183 2911 600 2997 plectantur.
647 2908 1160 2976 Permittuntur
1207 2918 1439 2975 autem
1490 2919 1756 2996 praeter
1785 2907 1941 2974 illas
1976 2917 2045 2973 et
2077 2908 2235 2975 aliae

184 2998 590 3065 functiones
639 2997 1164 3078 ecclesiasticae,
1217 2997 1315 3063 uti
1364 3019 1618 3084 preces
1689 2996 2016 3083 quaedam
2075 3018 2235 3062 cum

181 3087 596 3174 interposita
644 3085 990 3156 Oratione
1037 3085 1412 3153 Dominica
1474 3097 1543 3152 et
1613 3083 1964 3182 Angelica
2040 3083 2237 3153 Salu-

182 3177 470 3257 tatione,
519 3175 817 3243 Litaniae
864 3174 1310 3257 Lauretanae,
1359 3196 1655 3255 necnon,
1692 3194 1963 3260 praevio
1997 3183 2229 3240 tamen

293 3373 344 3441 1)
383 3371 445 3428 S.
481 3371 553 3426 R.
591 3370 656 3425 C.
693 3387 763 3440 27
793 3369 954 3439 Junii
995 3370 1151 3440 1896,
1191 3388 1252 3432 n.
1284 3372 1446 3450 3918.

295 3499 576 3556 qums.
616 3499 886 3572 Liturgia
905 3499 1090 3586 'Miss
1128 3499 1299 3557 Rom.
2102 3498 2139 3550 8
