2713 4137
487 249 579 316 32
949 248 1040 294 DE
1086 249 1323 296 D1V1N0
1373 250 1461 296 OF
1464 250 1647 296 Flcto
1695 249 1760 295 ΙΝ
1808 249 2077 296 GENERE

489 370 763 456 busque
811 370 1228 438 lectionibus
1279 371 1343 452 ι;
1394 393 1534 438 non
1586 371 1800 438 habet
1845 371 2269 456 antiphonas
2317 369 2589 456 dupli·
2697 437 2698 456 1

489 469 702 540 catas,
731 469 801 525 et
841 459 1060 546 exigit
1092 457 1433 546 suffragia
1463 459 1889 529 Sanctorum
1920 481 2001 526 ac
2035 481 2285 546 preces
2317 459 2573 526 etiam
2697 467 2698 498 l

487 547 794 628 feriales,
827 557 1149 634 tempore
1181 570 1323 636 quo
1360 549 1473 616 hae
1507 549 2065 637 praescribuntur
2096 547 2207 632 (cf.
2242 570 2308 615 n.
2340 551 2462 634 27)
2498 547 2583 617 ²-
2697 563 2698 602 ³

621 634 852 723 Hujus
901 637 1076 702 ritus
1131 635 1466 704 Officium
1516 639 1819 705 habent:
1868 637 2069 704 feriae
2118 659 2387 717 omnes,
2429 659 2571 703 ex-
2697 655 2698 704 ὲ

488 725 712 812 ceptis
758 725 980 792 tribus
1012 725 1272 793 ultimis
1317 726 1611 813 Majoris
1643 725 2170 807 Hebdomadae;
2205 725 2577 793 nonnulla
2697 713 2698 802 ἕ

487 813 910 883 Sanctorum
958 813 1179 896 festa;
1250 815 1515 902 vigiliae
1571 837 1981 882 communes
2039 814 2149 897 (cf.
2200 838 2265 881 n.
2328 817 2473 903 35).
2697 869 2698 900 ÷

630 902 751 985 At,
801 913 1068 990 praeter
1116 904 1302 970 hunc
1352 905 1583 986 ritum,
1632 906 1751 992 qui
1786 904 1921 972 dici
1957 915 2189 991 potest
2219 902 2579 990 Simplex

479 997 613 1078 per
655 1014 748 1074 se,
797 1002 870 1058 et
915 992 1092 1058 alius
1140 1003 1388 1075 exstat,
1434 994 1554 1082 qui
1602 994 1858 1061 dicitur
1902 991 2221 1080 Simplex
2263 999 2393 1078 per
2441 1015 2564 1059 ac-
2697 993 2698 996 ’

489 1079 739 1163 cidem,
791 1092 861 1147 et
911 1080 1210 1148 habetur
1241 1083 1528 1170 quando
1562 1082 1821 1151 festum
1869 1081 2155 1170 aliquod
2190 1082 2365 1148 ritus
2398 1079 2561 1149 Du-

491 1169 715 1256 plicis,
750 1168 864 1236 vel
897 1168 1416 1256 SemidupliciS,
1450 1171 1662 1259 quod,
1697 1183 1987 1259 propter
2030 1171 2573 1256 superveniens

489 1258 1094 1344 impedimentum,
1144 1261 1388 1348 nequit
1434 1282 1561 1348 per
1608 1261 1965 1347 integrum
2022 1257 2358 1327 Officium
2409 1281 2559 1328 sua

497 1347 612 1412 die
661 1347 1024 1428 celebrari,
1095 1348 1446 1435 redigitur
1522 1350 1610 1416 ad
1683 1349 1891 1415 ritum
1962 1347 2395 1436 Simplicem‚
2478 1359 2573 1416 ut

496 1435 744 1502 saltem
825 1435 978 1522 ejus
1058 1439 1639 1505 commemoratio
1720 1460 1853 1504 non
1933 1439 2313 1506 omittatur.
2382 1436 2557 1506 Hoc

490 1523 778 1612 quidem
826 1546 993 1592 casu
1061 1525 1322 1592 festum
1393 1526 1563 1594 illud
1630 1525 2065 1614 amplificari
2122 1526 2377 1594 dicitur
2422 1526 2563 1611 (cf.

493 1613 794 1680 dicenda
843 1637 910 1680 n.
955 1616 1088 1702 45).

1296 1755 1736 1826 ΑΡΡΕΝΠΙΧ.

667 1883 732 1950 8.
777 1881 874 1950 Ut
920 1883 1312 1950 innotescat
1360 1904 1687 1970 quaenam
1740 1882 1941 1962 festa,
2014 1905 2101 1950 ex
2170 1881 2549 1952 voluntate

489 1971 630 2040 Ecc
659 1972 850 2052 esiae,
904 1973 1002 2038 uti
1124 1972 1427 2052 rimaria,
1494 1971 1609 2038 vel
1679 1971 2094 2038 secundaria
2169 1971 2553 2042 retinenda

493 2073 670 2143 sunt,
719 2060 1002 2149 expedit
1057 1994 1483 2148 gatalogum
1538 2061 1653 2129 hic
1706 2059 1997 2142 referre,
2060 2083 2273 2149 quem
2321 2059 2400 2130 S.
2448 2060 2553 2133 R.

491 2151 977 2237 Congregatio
1024 2150 1333 2217 Decreto
1384 2149 1718 2219 Generali
1768 2149 1984 2218 edidit
2032 2171 2218 2216 anno
2268 2150 2440 2239 1893
2501 2154 2558 2221 ³.

1098 2294 1413 2365 FESTA
1462 2294 1929 2363 PRIMARIA

970 2421 1048 2490 ΙΝ
1095 2421 1557 2491 CALENDAmo
1603 2442 2038 2489 UNIVERSALI.

899 2552 941 2634 ς
987 2548 1035 2616 Ι.
1083 2552 1436 2635 Duplicia
1482 2553 1761 2634 primae
1819 2552 2135 2619 classis·

495 2674 847 2743 Nativitas
893 2675 1198 2743 Domini.

493 2762 886 2852 Epiphania
933 2763 1247 2833 Domini.

493 2851 768 2920 Pascha
812 2852 1407 2921 Resurrectionis.

597 3047 652 3117 1)
688 3046 906 3103 Officia
939 3047 1090 3103 ritus
1127 3046 1428 3118 Simplicis
1461 3051 1754 3102 vocantur
1780 3045 1998 3101 Officia
2022 3050 2200 3102 trium
2224 3046 2547 3107 lectionum.

591 3118 1832 3257 ²21113s22323225³33ss5303ss23505..ganan
1849 3118 1935 3244 ἐξ
1956 3118 2155 3245 {321³ss
2168 3116 2551 3245 ..2343-‘52‘3331

483 3189 890 3331 ffissaoexcgepta
924 3230 1128 3332 vi’gilia
1163 3206 1505 3316 Nativitatil}
1540 3260 1797 3329 Domini,
1834 3266 1897 3315 et
1914 3206 2164 3332 gxlrigil'iaq
2183 3278 2251 3315 ac
2276 3206 2551 3328 blatum·

483 3332 885 3403 Temporibus
922 3332 1360 3401 Pentecostes).

588 3406 648 3475 3)
682 3403 745 3460 S.
781 3404 857 3461 R.
891 3398 957 3459 C.
1029 3404 1208 3461 Decr.
1243 3402 1461 3459 Gener.
1496 3419 1570 3457 22
1604 3402 1761 3474 Aug.
1803 3403 1961 3474 1893,
1998 3420 2061 3459 n.
2094 3402 2257 3473 3810.
