2713 4137
503 238 626 305 142
947 238 1036 285 DE
1084 238 1282 285 MODO
1331 238 1716 287 RECITANDI
1764 237 2092 285 OFFICIUM

498 372 658 428 sunt
705 360 772 427 in
825 359 1276 446 possessione
1309 358 1686 439 Beneficii;
1734 382 1797 447 3.
1841 358 2184 446 Religiosi
2221 359 2559 426 solemni·

496 462 606 517 ter
660 448 964 535 professi
1012 448 1380 538 utriusque
1428 470 1661 529 sexuS,
1712 448 1802 515 ad
1852 449 2147 515 chorum
2212 449 2563 536 deputati,

500 539 708 605 etiam
759 537 1057 625 fugitivi,
1107 548 1468 622 apostatae,
1518 548 1649 604 ete.

635 626 798 727 Quo
861 638 1215 693 momento
1280 627 1561 714 incipiat
1622 648 1751 714 pro
1822 626 2119 713 singulis
2167 627 2327 694 haec
2381 625 2561 692 obli·

507 717 720 802 gati0,
759 714 906 801 jam
964 715 1269 783 vidimus
1319 737 1385 783 n.
1440 737 1587 805 173.

637 806 781 891 189.
834 796 1197 891 Obligatio
1250 805 1589 873 recitandi
1638 804 1952 891 quotidie
1999 802 2339 871 Officium
2378 804 2553 869 divi-

503 916 669 961 num
718 905 824 961 est
870 893 1110 992 gravis
1158 916 1244 961 ex
1294 914 1564 981 genere
1614 914 1763 973 su0,
1798 903 1869 959 et
1908 894 2067 959 talis
2116 903 2224 960 est
2284 892 2555 959 nedum

503 1005 634 1071 pro
682 980 942 1050 Officio
983 983 1285 1069 integro,
1323 982 1449 1049 sed
1481 982 1689 1048 etiam
1725 1004 1854 1068 pro
1888 994 2084 1067 parte
2117 1003 2304 1067 quae,
2338 1002 2558 1069 quan-

505 1072 722 1153 titate,
756 1072 1133 1159 aequivalet
1165 1071 1383 1140 Horae
1417 1071 1693 1138 minori.
1720 1070 1927 1139 Unde
1957 1092 2181 1157 grave
2208 1082 2317 1137 est
2352 1071 2561 1135 omit-

500 1170 653 1226 tere
700 1160 1084 1247 quamlibet
1129 1161 1481 1247 integram
1513 1158 1803 1239 Horam,
1839 1160 1953 1226 vel
2002 1182 2215 1226 unum
2270 1170 2559 1225 noctur-

505 1270 671 1315 num
719 1248 1061 1329 Matutini,
1112 1249 1226 1316 vel
1274 1270 1532 1317 novem
1601 1248 1979 1316 lectiones
2010 1270 2166 1315 cum
2240 1248 2392 1313 suis
2456 1268 2561 1313 re-

509 1338 940 1423 sponsoriis;
993 1349 1101 1405 est
1163 1337 1321 1405 leve
1371 1339 1694 1404 omittere
1743 1360 1961 1403 unum
2011 1337 2385 1423 psalmum,
2439 1335 2556 1402 vel

503 1426 737 1505 Pater,
784 1425 942 1493 Ave
986 1441 1056 1496 et
1108 1424 1342 1505 Credo,
1379 1426 1495 1494 vel
1526 1437 1671 1493 tres
1705 1436 1975 1493 tantum
2013 1426 2380 1505 lectiones,
2421 1436 2554 1491 etc.

635 1514 859 1581 Etiam
896 1514 1225 1584 Officium
1262 1514 1791 1596 Defunctorum,
1826 1517 1896 1582 in
1931 1515 2245 1601 generali
2296 1515 2557 1581 horum

505 1603 1215 1685 Commemoratione,
1263 1616 1371 1673 est
1407 1605 1538 1671 sub
1571 1606 1774 1690 gravi
1809 1604 2241 1671 recitandum
2269 1626 2285 1683 ;
2324 1626 2364 1670 e
2402 1624 2557 1670 con·

503 1703 629 1773 tra,
680 1714 819 1760 non
867 1704 1063 1760 certo
1111 1704 1389 1763 constat
1437 1693 1525 1759 de
1558 1691 2229 1779 graviobligatione
2264 1691 2549 1759 dicendi

504 1780 814 1848 Litanias
863 1782 1112 1849 diebus
1159 1781 1236 1851 S.
1286 1782 1507 1849 Marci
1559 1794 1628 1849 et
1673 1781 2168 1868 Rogationum,
2218 1780 2385 1847 licet
2421 1781 2552 1859 hae,

506 1871 566 1936 si
615 1869 959 1969 dicuntur,
1011 1894 1136 1939 sua
1185 1871 1299 1939 die
1347 1883 1641 1952 tantum,
1695 1892 1834 1937 non
1883 1892 2060 1937 vero
2094 1868 2342 1955 pridie,
2380 1871 2556 1937 reci-

504 1959 638 2025 tari
689 1960 1013 2027 debeant.

641 2047 890 2117 Oratio
939 2047 1374 2137 praeambula
1438 2048 1679 2138 Aperz,
1730 2046 2021 2115 Domme
2089 2058 2159 2114 et
2217 2046 2352 2114 alia
2429 2046 2553 2120 Sa-

502 2146 890 2218 crosanctoe,
937 2160 1100 2226 quae
1150 2137 1406 2206 Officio
1454 2138 1777 2205 absoluto
1811 2137 2085 2204 recitari
2124 2137 2323 2217 solet,
2359 2134 2551 2203 nulla

505 2227 935 2315 obligatione
984 2239 1515 2314 proponuntur;
1566 2238 1634 2294 at
1683 2227 1961 2293 nonnisi
2012 2225 2356 2293 desidiem
2426 2228 2553 2290 mi-

503 2335 688 2382 nime
714 2317 1148 2415 probandam
1175 2315 1292 2384 ille
1317 2316 1746 2394 ostenderet,
1781 2316 1923 2402 qui,
1958 2315 2094 2381 ulla
2130 2315 2277 2380 sine
2314 2335 2548 2394 causa,

505 2426 626 2470 eas
674 2406 1096 2490 praeteriret,
1147 2418 1214 2472 et
1247 2405 1480 2494 quoad
1514 2405 1804 2472 alteram
1839 2405 2251 2483 orationem,
2280 2424 2360 2469 se
2398 2404 2551 2488 ipse

505 2494 814 2579 privaret
884 2494 1340 2580 indulgentia,
1413 2516 1644 2593 quam,
1717 2505 1790 2558 ut
1870 2493 2177 2560 vidimus
2256 2493 2347 2576 (n.
2408 2492 2555 2577 186)

505 2580 652 2649 Leo
699 2581 792 2650 X.
840 2581 917 2650 P.
950 2582 1060 2660 Μ.
1109 2583 1204 2658 illi
1253 2583 1610 2652 adnexuit.

644 2691 792 2758 190.
821 2669 1049 2738 Porro
1085 2672 1218 2752 ille,
1255 2672 1373 2760 qui
1409 2669 1680 2741 ratione
1712 2669 2047 2737 Beneficii
2081 2667 2417 2736 Officium
2452 2669 2553 2736 di·

503 2761 741 2826 vinum
790 2760 1202 2846 persolvere
1248 2772 1546 2840 tenetur,
1586 2789 1617 2820 a
1660 2759 1718 2826 si
1770 2769 1928 2846 post
1978 2780 2105 2826 sex
2138 2778 2425 2824 menses
2461 2759 2548 2824 ab

505 2850 794 2916 obtento
842 2847 1200 2916 Beneficio
1252 2849 1565 2916 divinum
1604 2846 1951 2915 Officium
1972 2870 2109 2914 non
2148 2847 2427 2927 dixerit,
2464 2846 2548 2913 le·

501 2938 749 3024 gitimo
793 2938 1290 3024 impedimento
1323 2950 1664 3018 cessante,
1700 2935 2216 3003 Beneficiorum
2253 2957 2547 3002 suorum

499 3027 788 3094 fructus·
817 3048 956 3097 non
1005 3027 1213 3094 faciat
1263 3049 1431 3094 suos
1479 3048 1609 3116 pro
1658 3036 1807 3092 rata
1858 3025 2261 3092 omissionis
2296 3026 2546 3092 recita-

500 3116 711 3182 tionis
761 3113 997 3184 Officii
1045 3127 1114 3182 et
1160 3117 1519 3202 temporiS,
1556 3115 1681 3182 sed
1714 3135 1858 3194 eOS,
1892 3126 2248 3202 tamquam
2283 3113 2544 3200 injuste

495 3215 896 3291 perceptOS,
929 3204 995 3273 in
1041 3203 1382 3274 fabricam
1429 3202 1968 3283 Beneficiorum,
2002 3203 2119 3270 vel
2152 3223 2541 3289 pauperum

494 3293 992 3380 eleemosynas
1019 3314 1322 3380 erogare
1359 3304 1701 3360 teneatur.
1732 3292 1813 3360 Si
1848 3313 2023 3358 vero
2058 3291 2241 3358 ultra
2275 3291 2539 3357 dictum

493 3393 772 3467 tempus
825 3383 891 3448 in
941 3381 1633 3470 simili-negligentia
1684 3381 2191 3463 contumaciter
2224 3399 2540 3468 perman·
