2713 4137
466 216 550 283 74
899 217 987 262 DE
1040 216 1425 262 NONNULLIS
1472 216 1817 263 PARTIBUS
1865 215 2080 263 MISSAE

565 361 671 425 77.
697 341 1122 407 Instructio
1151 341 1433 406 altera.
1456 367 1484 397 a
1513 334 1669 404 Hoc
1699 337 1935 423 itaque
1962 337 2031 403 in
2060 343 2536 428 casu(nempe

465 450 623 495 cum
671 426 1032 496 Sacerdos
1079 438 1450 514 utramque
1484 427 1778 493 Missam
1812 429 1881 492 in
1917 427 2165 493 eadem
2198 427 2534 498 Ecclesia
2640 499 2645 506 ,

466 517 725 584 offerre
797 516 1032 600 debet)
1102 514 1460 583 Sacerdos
1534 529 1695 602 post
1763 517 2089 582 haustum
2153 518 2222 583 in
2296 520 2535 604 prima

463 607 683 674 Missa
707 606 1085 692 diligenter
1099 604 1539 690 Sanguinem
1558 604 1863 685 Domini,
1892 607 2155 675 omissa
2181 621 2537 677 consueta

467 696 968 783 purificatione,
1019 707 1272 781 patena
1318 693 1634 761 Calicem
1690 707 1761 761 et
1816 695 1997 782 palla
2046 711 2379 783 patenam
2432 711 2539 766 te-

466 808 667 872 genS,
719 807 800 852 ac
849 806 1064 870 super
1111 783 1506 869 Corporale
1555 784 1981 872 relinquenS,
2034 787 2222 853 dicet
2256 786 2537 872 junctis

467 877 826 944 manibus:
877 873 1089 957 Quod
1111 894 1226 937 ore
1257 874 1704 959 sumpsimuS,
1742 873 2054 953 Domine,
2088 884 2206 942 etc.
2239 875 2535 945 Deinde

468 967 752 1053 digitos,
799 963 1056 1048 quibus
1103 961 1220 1030 Ss.
1268 961 1809 1029 Sacramentum
1857 964 2109 1050 tetigit,
2159 965 2227 1030 in
2288 967 2537 1053 aliquo

467 1077 638 1122 vase
688 1053 972 1131 mund0,
1023 1052 1112 1118 ad
1163 1052 1295 1117 hoc
1341 1053 1414 1117 in
1464 1051 1693 1118 Altari
1767 1065 2190 1138 praeparato,
2265 1054 2533 1136 abluet,

468 1143 750 1212 interim
796 1142 1066 1208 dicens:
1119 1140 1386 1226 Corpus
1433 1148 1647 1215 tuum,
1701 1140 2009 1219 Domine,
2060 1151 2212 1210 eta:
2262 1146 2537 1213 abster-

467 1235 706 1320 sisque
755 1229 1232 1318 purificatorio
1290 1230 1552 1316 digitis,
1590 1228 1902 1297 Calicem
1939 1231 2102 1297 velo
2137 1235 2535 1319 cooperiet,

468 1322 916 1408 velatumque
965 1331 1181 1406 ponet
1229 1341 1445 1406 super
1494 1320 1863 1404 corporale
1920 1332 2317 1389 extensum.

601 1411 950 1478 Absoluta
995 1409 1236 1487 Missa,
1287 1409 1347 1474 si
1384 1408 1573 1475 nulla
1605 1410 1675 1475 in
1708 1408 2027 1476 Ecclesia
2060 1411 2151 1476 sit
2182 1413 2534 1492 sacristia,

469 1500 781 1568 Calicem
831 1498 1083 1565 eodem
1128 1498 1338 1564 modo
1374 1520 1587 1584 super
1619 1497 1868 1564 Altare
1901 1498 2284 1586 relinquet;
2318 1523 2535 1568 secus

472 1612 646 1657 vero
693 1590 760 1655 in
813 1589 1204 1654 sacristiam
1254 1586 1549 1665 deferat,
1599 1587 1837 1673 ibique
1887 1610 2103 1674 super
2156 1590 2536 1676 corporale

472 1680 586 1747 vel
617 1678 871 1766 pallam
904 1677 970 1742 in
1005 1677 1240 1763 aliquo
1273 1677 1433 1742 loco
1468 1676 1746 1743 decenti
1777 1687 1851 1742 et
1880 1677 2122 1744 clauso
2155 1679 2539 1746 collocabit

473 1791 698 1856 usque
747 1767 835 1833 ad
886 1766 1268 1832 secundam
1328 1765 1644 1846 Missam,
1700 1766 1767 1831 in
1832 1788 1989 1852 qua,
2054 1790 2213 1833 cum
2272 1769 2534 1835 eodem

474 1857 713 1926 Calice
762 1857 862 1922 uti
911 1855 1186 1933 debeat,
1234 1853 1429 1920 illum
1490 1877 1738 1921 rursus
1798 1877 2041 1922 secum
2100 1855 2377 1923 deferet
2442 1859 2536 1926 ad

471 1947 742 2026 Altare,
794 1967 875 2011 ac
925 1966 1141 2030 super
1187 1944 1561 2030 corporale
1611 1954 1981 2011 extensum
2034 1959 2353 2032 reponet.

609 2033 791 2104 Cum
819 2045 1050 2102 autem
1087 2034 1152 2100 in
1192 2033 1506 2100 secunda
1538 2034 1758 2101 Missa
1789 2032 2151 2102 Sacerdos
2178 2035 2267 2103 ad
2297 2035 2543 2104 Offer-

474 2127 732 2192 torium
785 2124 1174 2202 devenerit,
1225 2122 1461 2189 ablato
1509 2125 1670 2190 velo
1721 2124 1811 2190 de
1858 2123 2118 2202 Calice,
2168 2126 2359 2191 hunc
2418 2148 2540 2213 pa-

476 2234 767 2301 rumper
812 2235 1066 2279 versus
1115 2235 1334 2279 cornu
1382 2212 1723 2300 Epistolae
1771 2211 2165 2294 collocabit,
2213 2216 2339 2281 sed
2390 2238 2535 2283 non

411 2305 428 2323 ‘
476 2315 676 2371 extra
725 2303 1139 2390 corporale;
1185 2301 1515 2389 factaque
1550 2303 1802 2369 hostiae
1838 2302 2198 2370 oblatione
2230 2305 2534 2385 cavebit,

475 2415 562 2459 ne
611 2392 1092 2479 purificatorio
1154 2403 1482 2476 extergat
1538 2389 1872 2469 Calicem,
1933 2392 2059 2458 sed
2117 2414 2278 2459 eum
2350 2394 2537 2460 intra

478 2480 850 2568 corporale
899 2481 1304 2567 relinquens
1351 2480 1605 2547 leviter
1653 2480 1976 2561 elevabit,
2025 2482 2415 2569 vinumque
2467 2493 2540 2549 et

477 2593 733 2657 aquam
783 2570 1011 2637 eidem
1063 2581 1266 2635 caute
1313 2569 1649 2656 imponet,
1700 2592 1789 2636 ne
1841 2581 2063 2657 guttae
2120 2570 2377 2659 aliquae
2442 2572 2534 2638 ad

479 2660 663 2727 labia
710 2659 932 2746 ipsius
996 2659 1255 2727 Calicis
1325 2660 1657 2738 resiliant,
1717 2682 1927 2748 quem
1978 2659 2255 2739 deinde,
2314 2659 2540 2727 nulla-

481 2760 689 2815 tenus
737 2750 826 2815 ab
873 2749 1062 2815 intus
1111 2750 1533 2829 abstersum,
1584 2770 1781 2816 more
1829 2749 2037 2815 solito
2086 2748 2341 2816 offeret
2392 2750 2437 2816 ¹.
2503 2779 2534 2809 n

585 3248 636 3313 1)
679 3245 1034 3315 Hujusmodi
1076 3245 1511 3300 Instructiones
1549 3245 1682 3299 usui
1731 3262 1868 3299 esse
1913 3250 2169 3315 possunt
2210 3245 2395 3299 etiam
2443 3244 2546 3300 Sa-

475 3317 834 3383 cerdotibus,
873 3317 974 3387 qui
1010 3324 1135 3372 tres
1174 3317 1394 3371 Missas
1432 3318 1494 3371 in
1531 3317 1687 3371 festo
1732 3316 2074 3371 Nativitatis
2116 3315 2358 3370 Domini
2399 3316 2549 3371 cele·

478 3389 653 3443 brare
693 3388 914 3442 debent
954 3388 1212 3443 diversis
1251 3388 1415 3443 horis
1455 3396 1515 3442 et
1553 3388 1706 3442 forte
1744 3388 1807 3441 in
1844 3387 1992 3442 locis
2031 3387 2309 3443 diversis.
