2713 4137
605 240 694 284 DE
741 239 1129 286 NONNULLIS
1175 239 1525 286 PARTIBUS
1573 239 1787 287 MISSAE
2135 243 2219 310 73

302 361 477 428 Post
522 360 677 426 haec
723 358 1015 426 Missam
1064 371 1553 448 prosequatur,
1603 371 1673 427 et
1722 361 2072 447 completo
2121 363 2220 430 ul-

159 453 338 518 timo
387 449 797 536 EvangeliO,
848 469 1092 514 rursus
1141 460 1278 516 stet
1345 449 1412 514 in
1485 450 1717 516 medio
1785 450 2073 530 Altaris,
2154 464 2222 518 et

160 542 452 608 detecto
499 537 756 618 Calice,
790 538 1114 624 inspiciat
1144 560 1232 604 an
1282 537 1544 626 aliquid
1579 539 1795 605 divini
1830 538 2219 627 Sanguinis

165 651 302 696 nec
378 649 467 694 ne
536 627 626 694 ad
683 627 900 693 imum
972 649 1049 692 se
1121 628 1469 713 receperit
1540 628 1733 727 quod
1805 628 2221 719 plerumque

163 719 563 803 continget.
613 715 961 815 Quamvis
996 716 1177 782 enim
1214 737 1439 782 sacrae
1475 717 1749 802 species
1783 740 2084 803 prlmum
2120 741 2217 785 se-

166 808 340 875 dulo
390 817 654 892 sorptae
705 806 862 883 sint,
913 815 1145 871 tamen
1197 806 1363 872 dum
1414 815 1804 887 sumuntur,
1864 828 2020 873 cum
2072 829 2219 893 par-

165 895 426 976 ticulae,
477 917 638 982 quae
688 885 952 960 circum
1001 905 1181 973 sunt,
1248 895 1721 982 undequaque
1779 917 2061 962 sursum
2110 897 2221 963 de-

170 986 510 1060 ferantur,
561 1005 701 1050 non
781 982 913 1049 nisi
993 983 1316 1068 deposito
1374 983 1612 1059 Calice
1682 983 1770 1051 ad
1840 985 2053 1050 imum
2114 1008 2222 1051 re-

172 1076 414 1142 deunt.
462 1072 545 1141 Si
593 1073 827 1159 itaque
876 1072 1090 1137 divini
1163 1070 1554 1158 Sanguinis
1624 1084 1824 1159 gutta
1893 1075 2221 1161 quaedam

171 1163 484 1251 supersit
529 1162 781 1240 adhuc,
830 1183 914 1227 ea
963 1182 1209 1226 rursus
1264 1182 1345 1226 ac
1409 1161 1784 1247 diligenter
1830 1165 2221 1245 sorbeatur,

169 1266 246 1321 et
292 1253 579 1340 quidem
633 1273 719 1317 ex
768 1249 1015 1316 eadem
1066 1260 1266 1336 parte
1336 1272 1476 1336 qua
1523 1251 1636 1317 ille
1687 1253 1986 1338 primum
2045 1274 2224 1319 sum-

171 1354 336 1430 ptus
409 1351 538 1408 est.
612 1339 823 1423 Quod
889 1338 1269 1405 nullimode
1341 1339 1804 1406 omittendum
1868 1354 1996 1420 est,
2059 1343 2221 1428 quia

168 1430 622 1528 Sacrificium
699 1427 1059 1495 moraliter
1136 1428 1361 1506 durat,
1440 1441 1511 1494 et
1579 1431 2225 1515 seperexstantibus

170 1521 408 1588 adhuc
455 1519 602 1586 vini
653 1520 1027 1606 speciebus
1075 1539 1162 1583 ex
1210 1517 1454 1583 divino
1488 1530 1848 1604 praecepto
1884 1520 2225 1606 compleri

177 1611 411 1677 debet

307 1697 768 1764 Postmodum
820 1695 1180 1765 Sacerdos
1227 1695 1296 1759 in
1346 1696 1574 1795 ipsum
1609 1695 1922 1763 Calicem
1954 1709 2223 1765 tantum

179 1787 426 1854 saltem
475 1807 679 1873 aquae
723 1784 986 1864 fundat,
1037 1796 1377 1872 quantum
1428 1785 1621 1870 prius
1668 1787 1814 1851 vini
1871 1798 2222 1872 posuerat,

174 1897 476 1976 eamque
523 1876 1020 1942 circumactam
1079 1896 1167 1939 ex
1213 1874 1465 1940 eadem
1516 1887 1733 1961 pa1·,te
1769 1896 1907 1961 qua
1940 1873 2019 1943 S.
2051 1874 2229 1944 San-

176 1966 466 2052 guinem
516 1965 808 2043 biberat,
858 1965 927 2029 in
986 1974 1307 2049 paratum
1363 1985 1491 2028 vas
1539 1963 1881 2030 demittat.
1912 1963 2224 2031 Calicem

174 2054 476 2122 subinde
555 2054 782 2140 ipsum
856 2052 1331 2140 purificatorio
1403 2051 1618 2119 linteo
1688 2054 2072 2140 abstergat,
2144 2077 2224 2121 ac

177 2145 462 2210 demum
540 2144 921 2229 cooperiat,
996 2154 1069 2207 ut
1138 2142 1311 2208 alias
1384 2141 1478 2222 fit,
1550 2154 1763 2230 atque
1835 2145 1923 2209 ab
1994 2144 2224 2210 Altari

178 2232 521 2300 discedat.

307 2320 672 2407 Depositis
719 2321 1036 2387 vestibus
1086 2321 1328 2399 sacriS,
1378 2332 1457 2389 et.
1496 2321 1883 2406 gratiarum
1949 2323 2224 2388 actione
2286 2324 2299 2337 “

173 2409 546 2497 completa,
573 2432 756 2496 aqua
780 2431 819 2475 e
848 2408 1087 2477 Calice
1114 2410 1419 2476 demissa
1447 2431 1576 2496 pro
1605 2432 1840 2476 rerum
1875 2410 2227 2498 adjunctis

171 2500 290 2568 vel
337 2500 430 2566 ad
463 2500 646 2567 diem
683 2500 1065 2566 crastinum
1099 2511 1426 2565 servetur
1456 2499 1539 2582 (si
1574 2520 1826 2585 nempe
1860 2523 1946 2568 eo
1982 2522 2229 2568 rursus

173 2590 538 2659 Sacerdos
586 2589 848 2664 redeat,
897 2588 1189 2654 Missam
1239 2589 1650 2670 habiturus),
1700 2601 1771 2655 et
1810 2592 1879 2655 in
1914 2590 2228 2658 secunda

174 2678 664 2767 purificatione
709 2679 777 2743 in
835 2676 1148 2745 Calicem
1218 2677 1645 2758 demittatur,
1694 2678 1810 2744 vel
1882 2681 2226 2767 gossypio

165 2780 294 2834 aut
342 2778 596 2853 stuppa
643 2768 978 2853 absorpta
1026 2768 1501 2847 comburatur,
1566 2766 1681 2833 vel
1750 2768 1820 2832 in
1894 2770 2227 2848 sacrariO,

176 2858 236 2923 si
286 2857 376 2921 sit
447 2856 888 2935 exsiccanda,
962 2856 1422 2944 relinquatur,
1493 2855 1605 2922 vel
1680 2856 2086 2923 demittatur
2156 2859 2224 2924 in

182 2944 548 3031 piscinam.

313 3031 498 3099 Cum
546 3028 779 3098 autem
828 3032 1049 3111 Calix‚
1112 3055 1254 3132 quo
1316 3031 1677 3100 Sacerdos
1747 3033 2049 3119 primum
2121 3045 2232 3099 est

175 3143 370 3199 usuS,
422 3120 829 3209 purificatus
865 3120 1015 3206 jam
1081 3123 1188 3201 sit,
1262 3122 1318 3187 si
1392 3122 1509 3187 illo
1580 3122 1735 3206 ipso
1808 3144 1937 3208 pro
2007 3123 2229 3189 Missa

165 3211 402 3279 altera
448 3210 780 3295 indigeat.
831 3231 990 3276 eum
1039 3232 1277 3276 secum
1329 3210 1630 3278 deferat:
1681 3232 1887 3278 secus
1936 3233 2111 3278 vero
2158 3213 2226 3277 in

165 3301 401 3381 altera
447 3298 667 3365 Missa
716 3298 1002 3365 diverso
1053 3298 1292 3366 Calice
1340 3300 1440 3365 uti
1489 3300 1769 3385 poterit.
1826 3329 1855 3359 n
