2713 4137
563 259 650 303 DE
699 258 1092 304 MULTIPLICI
1139 257 1495 304 MISSARUM
1543 259 1778 304 SPECIE
2110 242 2193 307 81

280 379 455 446 Vice
488 377 1142 463 Subdiaconi,fungi
1171 380 1597 464 permittitur
1622 380 1940 450 Clericus
1968 387 2192 471 prima

146 469 394 536 saltem
475 480 765 533 tonsura
815 468 1212 552 insignitus
1263 480 1333 533 at
1404 490 1543 534 non
1594 492 1722 556 pro
1770 472 2011 556 lubit0,
2069 477 2195 544 sed

141 571 414 624 tanturn
481 557 548 621 in
619 578 785 621 casu
857 556 1314 637 necessitatis,
1389 580 1513 624 seu
1585 581 1756 625 vere
1829 562 2201 633 deficiente

143 647 282 714 alio
332 649 398 713 in
447 647 665 712 sacris
715 647 1114 725 constituto,
1143 647 1264 732 qui
1313 646 1479 712 illud
1526 669 1779 715 munus
1814 664 1997 736 agat,
2036 666 2105 720 et
2141 678 2203 721 e-

143 738 312 802 tiam
349 737 499 802 sine
529 734 882 820 manipulo
922 736 972 814 ¹;
1009 756 1234 814 secuS,
1271 737 1330 802 si
1366 738 1667 804 scienter
1701 740 1835 805 hoc
1863 751 2201 824 uteretur,

141 825 562 912 irregularis
611 824 830 890 fieret.
879 823 1084 890 Alius
1132 837 1367 892 tamen
1415 827 1482 891 in
1523 828 1744 892 sacris
1780 832 2203 902 constitutus

145 913 451 980 deficere
501 925 850 992 censetur,
903 913 960 978 si
1011 914 1161 979 aliis
1211 915 1362 1000 ipse
1427 917 1683 982 (hbeat
1731 927 1894 983 tunc
1946 941 2202 989 vacare

145 1002 416 1082 officim,
443 1002 558 1068 vel
593 1003 648 1067 si
679 1003 1146 1088 opportunius
1177 1025 1430 1071 munus
1458 1005 1819 1071 diversum
1853 1007 1921 1072 in
1951 1011 2200 1076 eadem

141 1092 365 1158 Missa
415 1092 713 1157 solemni
765 1093 852 1157 sit
899 1103 1205 1157 acturus,
1256 1091 1404 1160 Sed
1454 1092 1796 1168 Clericus,
1851 1097 1969 1182 qui
2043 1101 2201 1166 vice

139 1180 468 1267 fungitur
513 1180 970 1259 Subdiaconi,
1000 1182 1232 1246 omnia
1282 1197 1625 1267 praestare
1675 1196 1910 1269 potest
1941 1209 2105 1273 quae
2155 1211 2195 1255 a

143 1269 603 1338 Subdiacono
631 1281 1008 1356 ponuntur,
1038 1292 1124 1336 ne
1149 1271 1391 1336 inutile
1420 1273 1507 1337 sit
1533 1271 1686 1355 ejus
1713 1274 2205 1346 ministerium.

279 1358 723 1444 Interrogata
748 1358 826 1425 S.
850 1357 935 1424 R.
957 1358 1448 1445 Congregatio
1475 1360 1563 1426 de
1591 1383 1789 1429 more
1813 1364 2197 1434 adhibendi

144 1471 278 1535 pro
349 1447 692 1514 Ministris
739 1446 1146 1515 Saeculares
1193 1461 1265 1514 et
1315 1449 1715 1536 Regulares
1786 1453 2013 1533 simul,
2088 1456 2204 1524 vel

142 1559 396 1604 omnes
443 1535 858 1622 RegulareS‚
909 1538 1035 1604 sed
1085 1537 1348 1604 diversi
1408 1538 1723 1620 Ordinis,
1799 1546 2199 1626 praesertim

144 1628 494 1693 habentes
542 1627 1008 1692 caeremonias
1059 1627 1188 1692 sibi
1240 1629 1583 1714 propriaS,
1620 1632 2013 1716 respondit:
2053 1662 2081 1692 a
2122 1633 2198 1701 In

141 1717 475 1782 omnibus
523 1716 745 1781 sacris
791 1714 1289 1794 functionibuS,
1341 1719 1739 1802 praesertim
1795 1720 1864 1784 in
1937 1720 2199 1789 Cathe-

142 1805 464 1872 dralibus
513 1817 580 1870 et
629 1803 1045 1890 Collegiatis
1100 1804 1456 1886 EcclesiiS‚
1528 1807 1595 1872 in
1670 1809 1927 1894 quibus
1999 1812 2200 1879 adest

141 1915 486 1960 numerus
534 1893 888 1959 sufficiens
934 1892 1420 1960 Ministrorum
1454 1895 1542 1960 de
1576 1897 1852 1981 gremio
1884 1899 2199 1984 ipsarum

139 1983 646 2062 Ecclesiarum,
697 1984 1030 2048 convenit
1079 1994 1152 2047 ut
1195 1982 1591 2050 Celebrans
1624 1994 1695 2051 et
1725 1985 2029 2053 Ministri
2065 1991 2201 2056 sint

143 2074 234 2140 de
283 2072 564 2159 gremio
611 2072 988 2139 Ecclesiae:
1036 2085 1386 2160 quatenus
1436 2096 1612 2139 vero
1662 2074 2015 2143 sufficiens
2085 2081 2197 2147 hic

141 2183 482 2229 numerus
532 2160 733 2242 desit,
784 2174 1066 2248 oportet
1112 2174 1186 2227 ut
1234 2163 1417 2228 sacri
1465 2163 1793 2244 Ministri,
1830 2168 1947 2252 qui
1998 2180 2197 2236 extra

140 2252 498 2338 gremium
543 2249 881 2317 Ecclesiae
929 2264 1405 2331 assumuntur,
1472 2253 1787 2319 eamdem
1853 2254 2194 2326 Ecclesiae

137 2340 330 2406 illius
376 2337 766 2425 Liturgiam
810 2350 1216 2427 sequautur,
1254 2363 1342 2405 ne
1372 2339 1511 2407 ulla
1545 2363 1838 2427 prorsus
1869 2344 1938 2410 in
1976 2349 2196 2414 sacris

140 2428 563 2496 exercendis
633 2429 882 2495 ritibus
929 2452 1009 2495 ac
1083 2430 1532 2496 caeremoniis
1590 2430 2013 2500 difformitas
2077 2437 2196 2502 ha-

144 2522 409 2586 beatur
457 2515 501 2581 2.
559 2545 588 2575 v

273 2607 386 2673 86.
438 2604 671 2688 Quod,
723 2617 988 2691 praeter
1033 2604 1432 2672 Diaconum
1497 2619 1565 2673 et
1637 2608 2189 2694 Subdiaconum,

137 2697 320 2764 alius
355 2695 744 2780 Presbyter
773 2694 1068 2761 Pluviali
1101 2695 1389 2761 indutus
1446 2697 1728 2763 assistat
1761 2698 2191 2783 Celebranti,

137 2786 262 2873 qui
312 2784 401 2850 sit
449 2782 748 2869 simplex
795 2782 1174 2864 SacerdOS,
1225 2796 1334 2850 est
1383 2787 1666 2867 abusus,
1704 2808 1791 2852 ne
1841 2800 2193 2874 praetextu

138 2874 432 2961 quidem
478 2872 1054 2939 immemorabilis
1088 2874 1619 2940 consuetudinis
1654 2877 2111 2945 sustinendus
2145 2879 2190 2946 ³.

137 2962 344 3029 Hanc
394 2973 626 3027 tamen
678 2964 1259 3029 consuetudinem
1331 2965 1602 3029 servari
1638 2986 1885 3050 posse
1960 2968 2191 3035 decla-

243 3145 296 3209 1)
336 3140 396 3195 S.
435 3140 505 3195 R.
543 3140 609 3197 C.
649 3157 714 3211 17
743 3140 881 3209 Julii
923 3142 1077 3211 1894,
1116 3160 1174 3197 n.
1208 3142 1369 3212 3832,
1409 3142 1487 3198 ad
1525 3142 1652 3199 VII.

237 3214 298 3280 2)
334 3212 394 3266 S.
431 3212 505 3267 R.
541 3212 606 3267 C.
649 3214 715 3266 18
754 3212 926 3267 Mart.
966 3214 1119 3284 1874,
1161 3232 1219 3269 n.
1252 3230 1412 3284 3327,
1452 3214 1527 3268 ad
1567 3215 1609 3270 Ι.

237 3291 296 3352 3)
335 3283 396 3339 S.
435 3284 508 3340 R.
545 3285 608 3339 C.
651 3301 716 3354 15
757 3284 927 3338 Mart.
969 3301 1123 3354 1721,
1163 3303 1218 3339 n.
1254 3301 1432 3354 2271;
1472 3302 1503 3355 7
1554 3285 1696 3339 Dec.
1739 3288 1893 3359 1844,
1935 3309 1992 3347 n.
2026 3294 2186 3364 2867,

130 3356 208 3408 ad
249 3355 342 3423 11;
377 3357 449 3410 28
477 3356 616 3425 Julii
657 3356 812 3425 1876,
872 3374 927 3410 n.
965 3358 1122 3426 3408,
1163 3357 1238 3411 ad
1295 3356 1367 3424 ΙΙ,
1424 3364 1649 3426 praeter
1705 3358 1819 3414 alia
1872 3363 2044 3430 plura
2098 3383 2191 3420 re-

129 3443 376 3496 sponsa.

243 3551 530 3607 FERRAis.
570 3552 840 3622 Liturgia
877 3550 1045 3605 Miss,
1083 3548 1254 3603 Rom.
1985 3561 2022 3613 6
