2713 4137
648 262 736 307 DE
784 262 1017 308 nivmo
1066 261 1341 309 orricio
1388 262 1456 307 m
1502 261 1736 309 SPECIE
2140 240 2227 326 87

172 392 250 449 et
298 381 684 450 Sabbatum
709 382 1060 462 sanctum,
1110 395 1267 449 sunt
1300 384 1476 451 ritus
1507 366 1827 470 Duplicis
1860 383 1909 451 I.
1960 383 2227 463 classiS,

175 482 251 538 et
279 494 423 537 non
455 471 683 538 solum
717 472 1020 558 quodvis
1055 470 1412 554 Officium,
1448 473 1575 539 sed
1610 484 1681 539 et
1715 495 2232 561 quamcumque

175 561 931 627 commemorationem
981 573 1338 647 respuunt.

315 648 394 716 In
433 648 712 716 Officiis
746 650 835 717 de
868 661 1187 737 tempore
1212 651 1588 718 adhibetur
1620 648 1817 717 color
1851 650 2231 732 violaceuS,

173 750 479 826 excepta
526 737 706 805 feria
750 737 866 806 VI.
929 738 1381 819 ParasceVeS,
1431 740 1499 806 in
1549 761 1687 826 qua
1736 739 1972 805 colore
2026 740 2229 825 nigro

173 828 463 895 utimur.

999 1029 1257 1100 CAPUT
1303 1030 1412 1100 Vl.

407 1161 541 1242 De
602 1160 947 1243 Officiis
1003 1162 1439 1262 temporis
1497 1159 2003 1241 Paschalis.

320 1389 468 1454 114.
516 1367 583 1434 A
633 1366 850 1434 Missa
897 1365 1191 1434 Sabbati
1237 1366 1498 1444 Sancti,
1556 1388 1693 1453 qua
1743 1364 2010 1432 Christi
2051 1364 2222 1450 Jesu

169 1456 621 1543 resurgentis
667 1455 896 1543 gloria
945 1455 1234 1534 canitur,
1285 1456 1375 1521 ad
1422 1454 1695 1521 Nonam
1731 1452 2031 1522 Sabbati
2066 1467 2228 1541 post

167 1545 677 1624 Pentecosten,
749 1542 1110 1624 inclusive,
1187 1544 1497 1610 decurrit
1567 1555 1845 1628 tempus
1920 1544 2130 1632 quod,
2188 1568 2228 1611 a

167 1634 550 1701 paschatis
599 1633 1061 1714 solemnitate,
1111 1630 1447 1699 Pas-chale
1495 1632 1767 1698 dicitur.

311 1722 472 1789 Hoc
521 1734 840 1808 tempore
891 1722 1224 1808 mysteria
1271 1721 1387 1788 illa
1434 1720 1858 1800 recoluntur,
1924 1743 2085 1809 quae
2136 1722 2224 1789 ad

170 1811 610 1912 gignendam
661 1811 972 1877 laetitiam
1021 1820 1091 1876 et
1137 1832 1334 1897 spem
1383 1810 1626 1877 salutis
1687 1811 1758 1876 in
1823 1811 2039 1878 corde
2105 1811 2222 1878 ho-

177 1901 454 1967 minum
533 1900 950 2000 erigendam
998 1902 1297 1966 maxime
1348 1898 1736 1981 conferunt,
1793 1922 2009 1987 quum
2074 1901 2225 1986 ipse

165 1988 616 2076 Redemptor
699 2018 728 2049 a
814 1990 933 2077 qui
1028 2001 1324 2055 mortem
1404 1998 1759 2071 nostram,
1840 1988 2223 2068 moriendo,

168 2079 524 2146 destruxit
571 2090 643 2145 et
686 2079 924 2159 vitam,
974 2078 1434 2165 resurgendO,
1488 2079 1841 2164 leparavit
1897 2079 1912 2108 ¹
1970 2108 2000 2138 n
2063 2089 2225 2164 post

169 2189 375 2235 suam
429 2168 1040 2246 resurrectionem,
1089 2189 1247 2233 cum
1296 2167 1655 2254 discipulis
1718 2167 1947 2234 adhuc
2009 2166 2222 2233 fuerit

168 2268 662 2337 conversatus,
708 2269 782 2322 ut
847 2278 972 2323 eos
1027 2257 1093 2322 in
1155 2256 1293 2323 fide
1358 2278 1645 2322 suorum
1710 2257 2220 2342 promissorum

165 2346 493 2432 pluribus
555 2345 1106 2432 apparitionibus
1169 2367 1250 2411 ac
1329 2345 1682 2412 miraculis
1744 2345 2072 2426 firmaret,
2137 2367 2217 2412 ac

166 2434 334 2501 dein
384 2434 477 2501 ad
546 2431 818 2501 Caelum
877 2435 1295 2514 ascenderit,
1368 2445 1443 2500 ut
1489 2435 1583 2500 ibi
1655 2434 1884 2500 locum
1963 2433 2220 2502 futurae

163 2523 523 2590 beatitatis
586 2523 789 2590 nobis
861 2535 1160 2610 pararet,
1233 2535 1445 2622 atque
1525 2524 1806 2590 demum
1877 2522 2220 2609 Spiritum

165 2610 515 2679 Sanctum
563 2611 850 2690 miserit,
901 2623 977 2678 ut
1024 2613 1338 2678 veritatis
1388 2612 1648 2678 lumine
1693 2612 2097 2691 collustrati,
2146 2624 2217 2679 et

168 2700 342 2786 igne
370 2700 780 2767 charitatis
764 2702 1052 2780 1ncensi,
1082 2701 1264 2767 viam
1299 2701 1791 2768 mandatorum
1818 2701 2218 2766 divinorum

169 2809 789 2876 prosequeremur,
842 2811 1001 2878 quae
1057 2790 1337 2857 tandem
1376 2789 1466 2856 ad
1515 2791 1879 2876 praemium
1930 2799 2217 2856 aeternae

167 2877 426 2964 gloriae
476 2878 817 2963 perducit.

308 2965 793 3049 Quamobrem
867 2967 935 3033 in
983 2966 1259 3034 Officiis
1325 2965 1444 3054 huj
1452 2988 1535 3032 us
1592 2966 1931 3052 temporis
1988 2965 2220 3034 omnia

169 3065 331 3120 sunt
377 3054 622 3140 gaudii
671 3055 895 3140 signa,
947 3055 1256 3123 scilicet:
1304 3055 1526 3124 Color
1572 3055 1771 3122 albus
1804 3055 2220 3138 adhibetur;

164 3163 310 3208 vox
359 3140 645 3230 alleluja
691 3141 988 3229 (laudate
1033 3167 1185 3211 cum
1216 3143 1632 3244 jubilatzone
1694 3144 1963 3229 Deum),
2028 3165 2221 3244 saepe

165 3231 664 3310 interseritur,
715 3241 860 3300 tres
910 3233 1158 3319 psalmi
1193 3232 1747 3321 uniuscujusque
1782 3233 2107 3301 nocturni
2149 3234 2221 3301 in

268 3425 322 3496 1)
363 3425 650 3482 Praefatio
689 3427 894 3482 Missae
929 3428 993 3482 in
1019 3427 1175 3483 festo
1219 3427 1550 3484 Paschatis.
