2713 4137
513 258 640 327 132
958 256 1048 303 DE
1093 255 1292 302 MODO
1339 226 1719 304 REcernm
1768 258 2094 306 orricium

512 402 684 461 ram,
735 400 896 465 quae
944 377 1367 461 decurrebat
1424 378 1511 443 ab
1583 378 1759 445 hora
1828 378 2035 446 tertia
2097 378 2185 445 ad
2255 392 2555 461 sextam,

511 467 957 557 appellabant
985 468 1478 553 intempestum,
1510 468 1673 553 quia
1721 489 1885 554 pars
1919 468 2149 535 minus
2183 470 2556 555 operando

509 569 691 646 apta,
726 558 819 624 ob
853 556 1111 623 densas
1157 556 1492 622 tenebras
1517 578 1533 633 ;
1584 557 1861 623 tertiam
1911 557 2240 624 dicebant
2280 558 2554 647 gallici-

507 646 720 728 nium,
768 646 860 713 ob
909 655 1189 711 cantum
1237 643 1427 731 galli,
1476 654 1546 711 et
1577 646 1666 712 ab
1716 646 1891 712 hora
1925 657 2123 713 sexta
2166 647 2256 713 ad
2292 669 2554 714 nonam

508 735 1061 813 extendebatur;
1111 744 1431 820 quartam
1482 734 1981 821 nuncupabant
2040 734 2549 817 antelucanum,

505 825 671 912 quia
718 822 1183 891 antecedebat
1247 823 1545 910 primam
1616 823 1865 904 lucem,
1935 822 2233 923 ejusque
2290 847 2553 893 cursus

504 923 658 981 erat
703 914 791 981 ab
862 913 1039 985 hora
1108 931 1312 991 nona,
1381 932 1609 999 usque
1678 910 1769 979 ad
1838 912 2352 995 duodecimam,
2422 936 2554 982 seu

483 1024 730 1091 ·usque
779 1003 867 1069 ad
915 1011 1146 1067 ortum
1205 1000 1395 1066 solis,
1665 1054 1679 1062 c
2336 1010 2345 1016 ’

646 1113 791 1179 175.
841 1090 1067 1157 Porro
1119 1087 1416 1175 singulis
1486 1089 1711 1155 noctis
1780 1090 2095 1177 partibus
2164 1104 2317 1159 erat
2372 1094 2556 1159 assi-

502 1191 720 1267 gnata
764 1192 929 1267 'pars
979 1177 1216 1245 Officii
1253 1178 1629 1259 recitanda,
1680 1179 1774 1245 ita
1821 1189 1898 1244 ut
1928 1179 2229 1265 primum
2265 1194 2552 1249 noctur-

503 1291 674 1336 num
718 1268 1038 1336 Matutini
1088 1266 1502 1333 recitaretur
1547 1266 1619 1333 in
1653 1268 1877 1354 prima
1909 1267 2149 1354 vigilia
2174 1290 2191 1349 ;
2240 1269 2551 1337 alterum

501 1360 572 1424 in
623 1357 972 1437 secunda;
1021 1358 1301 1423 tertium
1350 1356 1422 1421 in
1470 1356 1716 1436 tertia;
1773 1355 2055 1423 Laudes
2128 1358 2200 1423 in
2262 1372 2545 1445 quarta.

503 1446 807 1531 Quando
855 1467 1027 1513 vero
1078 1446 1353 1511 unicum
1429 1445 1791 1511 obtinebat
1852 1455 2295 1530 nocturnum,
2346 1460 2423 1515 ut
2473 1450 2547 1516 in

500 1536 718 1617 feriiS,
768 1535 936 1602 illud
984 1535 1409 1601 recitabatur
1453 1533 1523 1599 in
1573 1534 1778 1600 tertia
1826 1534 2085 1621 vigilia.

637 1623 886 1693 Serius
933 1633 1186 1704 tamen,
1235 1644 1392 1691 mos
1440 1621 1617 1689 alius
1650 1622 1973 1689 inductus
2006 1634 2133 1705 est,
2168 1635 2244 1691 ut
2276 1647 2543 1711 nempe

498 1724 648 1782 tres
696 1712 1016 1780 nocturni
1062 1733 1200 1778 non
1249 1711 1534 1798 quidem
1584 1712 1905 1793 seorsim,
1940 1711 2068 1779 sed
2102 1712 2545 1800 conjunctim

501 1804 988 1882 recitarentur,
1039 1812 1106 1867 et
1153 1800 1440 1887 quidem
1475 1821 1608 1866 una
1642 1822 1800 1867 cum
1836 1800 2195 1869 Laudibus
2220 1824 2237 1883 ;
2272 1825 2362 1871 ex
2392 1826 2545 1891 quo

497 1893 678 1960 ratio
725 1892 1094 1959 deducitur
1139 1890 1337 1956 vocis
1408 1888 1855 1971 Matutz‘num,
1926 1912 2065 1978 qua
2135 1902 2360 1958 totum
2420 1914 2541 1959 no-

498 1982 820 2048 c't'urnum
850 1978 1181 2047 Officium
1218 1978 1431 2044 modo
1458 1978 1871 2064 designatur
1892 1978 2006 2063 (cf.
2031 2001 2097 2046 n.
2128 2000 2229 2068 15,
2256 1992 2426 2047 nota
2448 1984 2541 2067 2).

630 2071 794 2138 Pari
843 2070 1113 2136 ratione
1163 2066 1497 2135 Officium
1532 2090 1815 2155 quoque
1848 2067 2173 2136 diurnum
2210 2070 2542 2138 distribu-

496 2170 644 2226 tum
693 2159 1020 2227 novimus
1054 2178 1182 2245 per
1223 2157 1549 2224 diversas
1582 2157 1719 2224 diei
1757 2169 2013 2244 parteS‚
2044 2159 2138 2224 ita
2171 2169 2249 2224 ut
2279 2159 2539 2226 harum

499 2248 796 2336 singulis
845 2246 1354 2335 responderent
1398 2244 1619 2312 Horae
1666 2247 1974 2314 minores
2009 2244 2275 2328 Tertia,
2310 2247 2538 2318 Sexta

496 2347 568 2404 et
611 2337 838 2417 Nona,
885 2347 1096 2422 atque
1141 2333 1516 2421 Vesperae;
1562 2333 1801 2401 Prima
1847 2336 2036 2402 enim
2085 2347 2155 2401 et
2203 2335 2536 2424 Comple-

493 2427 752 2493 torium
802 2423 1030 2492 serius
1077 2433 1345 2490 tantum
1394 2423 1609 2490 inseri
1659 2423 1729 2490 in
1775 2422 2039 2491 Officio
2072 2438 2439 2513 coeperunt
2490 2428 2535 2494 ¹.

632 2513 875 2600 Quare
929 2513 1161 2580 Tertia
1209 2534 1298 2578 ex
1329 2534 1417 2579 eo
1465 2524 1777 2593 vocatur,
1824 2512 2016 2600 quod
2049 2512 2212 2580 olim
2246 2515 2532 2581 recitari

491 2612 956 2674 consueverat
1003 2602 1072 2668 in
1121 2606 1346 2689 prima
1394 2613 1592 2690 parte
1641 2601 1797 2682 diei,
1846 2623 2009 2688 quae
2054 2602 2125 2668 in
2165 2603 2345 2670 hora
2389 2616 2528 2680 ter-

489 2695 587 2761 tia
657 2691 1060 2770 desinebat;
1110 2701 1178 2756 et
1248 2690 1342 2756 ita
1420 2700 1765 2756 vocantur
1832 2689 1987 2757 aliae
2059 2689 2218 2758 duae
2285 2692 2534 2772 Horae,

491 2783 710 2852 Sexta
755 2791 823 2846 et
870 2779 1096 2858 Nona,
1145 2780 1307 2866 quia
1380 2779 1855 2846 recitabantur
1926 2782 1996 2846 in
2044 2779 2263 2847 altera
2332 2791 2401 2847 et
2460 2784 2529 2848 in

489 2872 695 2940 tertia
745 2869 880 2935 diei
928 2879 1151 2957 parte,
1198 2889 1361 2955 quae
1418 2868 1814 2954 respective
1882 2867 2094 2936 finem
2167 2869 2528 2937 habebant

490 2961 560 3028 in
611 2969 809 3027 sexta
857 2968 926 3024 et
972 2977 1154 3024 nona
1202 2957 1399 3023 hora.
1449 2956 1813 3044 Vesperae,
1847 2978 2010 3044 quae
2041 2959 2113 3024 in
2148 2959 2326 3026 hora
2359 2958 2527 3025 duo-

590 3139 644 3209 1)
685 3137 1124 3194 Constitutiones
1159 3135 1500 3208 Apostolicoe
1536 3135 1604 3191 L.
1638 3133 1773 3191 VII.
1800 3134 1861 3192 C.
1884 3135 2178 3192 XXXIV.
2204 3152 2313 3191 sex
2333 3136 2537 3193 Horas

475 3211 720 3266 diurnas
739 3214 1208 3263 commemorant
1230 3207 1394 3262 hisce
1418 3207 1635 3261 verbis:
1667 3227 1694 3255 cc
1722 3206 2109 3262 Precationes
2132 3207 2309 3262 facite
2336 3225 2535 3275 mane,

473 3281 667 3348 tertia,
704 3287 896 3344 sexta,
933 3295 1094 3333 nona
1127 3279 1291 3348 hora,
1333 3294 1591 3348 vespere
1646 3284 1708 3332 et
1760 3278 1825 3332 in
1878 3277 2214 3350 gallicantu.
2272 3301 2298 3329 n
2342 3278 2530 3334 Horae

473 3352 694 3408 Primoe
728 3350 1048 3421 vestigium
1086 3349 1308 3404 nullum
1348 3356 1443 3404 est
1469 3356 1608 3405 ante
1635 3349 1920 3404 saeculum
1946 3348 2042 3418 V„
2058 3355 2120 3405 et
2142 3349 2531 3420 Completorii

470 3423 780 3489 institutor
814 3421 1000 3476 fuisse
1035 3419 1274 3475 videtur
1308 3418 1372 3477 S.
1403 3419 1783 3491 Benedictus,
1808 3427 1949 3476 ante
1973 3420 2231 3476 medium
2259 3421 2543 3478 saec‹VI.·
