2713 4137
460 218 587 287 140
908 220 998 265 DE
1043 218 1244 265 MODO
1291 218 1671 265 RECITANDI
1719 218 2047 267 OFFICIUM

457 338 908 409 Instructione
955 337 1037 405 de
1083 338 1344 405 musica
1393 359 1620 419 sacra,
1667 360 1881 425 quam
1929 337 2096 407 Pius
2152 338 2247 407 X.
2296 339 2377 407 P.
2416 340 2510 409 M.

457 431 570 499 edi
609 426 819 516 jussit
867 438 935 495 et
967 428 1241 495 servari
1275 427 1535 515 ubique
1568 427 1881 495 locorum
1920 429 2277 496 mandavit
2308 432 2513 497 Motu

449 519 731 607 proprio
767 517 903 584 diei
938 539 1026 584 22
1059 515 1490 583 Novembris
1528 537 1718 604 1903.
1750 515 1982 605 Hujus
2014 516 2517 585 Instructionis

459 608 574 675 hic
621 628 705 675 ea
737 616 1027 687 tantum,
1078 627 1240 693 quae
1289 606 1379 671 ad
1414 603 1648 672 Officii
1685 604 1905 673 divini
1938 606 2515 674 decantationem

457 706 779 785 spectant
810 695 1210 762 summatim
1244 694 1681 775 exhibemuS‚
1716 694 1986 762 collatis
2020 717 2309 784 quoque
2353 696 2513 763 aliis

459 784 898 855 documentis
945 786 1014 851 in
1065 783 1311 851 eadem
1363 782 1828 850 Instructione
1874 786 2126 852 citatis,

599 894 654 941 1.
705 872 991 953 Cantus,
1040 874 1159 960 qui
1209 872 1439 957 magis
1488 894 1711 940 sacrae
1759 871 2105 960 Liturgiae
2154 876 2511 954 convenit,

459 962 574 1031 ille
622 973 729 1029 est
778 962 895 1050 qui
937 960 1214 1048 planu-3,
1265 982 1389 1028 seu
1426 960 1689 1050 firmus
1740 961 2010 1043 dicitur,
2046 973 2256 1051 atque
2303 985 2343 1030 a
2378 984 2515 1029 suo

464 1061 942 1119 restauratore
992 1049 1352 1137 Gregorio
1386 1050 1651 1137 Magno
1682 1049 1761 1117 P.
1795 1051 1890 1118 M.
1926 1073 2184 1118 nomen
2220 1054 2517 1138 recepit.

459 1138 592 1209 Hic
650 1141 716 1207 in
771 1139 1024 1207 divinis
1072 1137 1348 1206 Officiis
1397 1151 1504 1205 est
1552 1140 1985 1221 retinenduS‚
2036 1151 2125 1221 et,
2176 1141 2295 1206 ubi
2330 1162 2519 1228 opus

461 1241 588 1311 est,
637 1227 936 1296 feliciter
983 1228 1478 1295 restituendus,

594 1340 658 1385 2.
708 1317 995 1398 Cantus,
1043 1339 1252 1405 quem
1288 1317 1693 1408 figuratum
1741 1316 2001 1399 dicunt,
2052 1318 2337 1384 minime
2400 1340 2519 1386 re-

461 1409 820 1508 probatur,
871 1405 1253 1473 dummodo
1311 1405 1653 1493 quidquid
1722 1406 2096 1493 profanum
2168 1408 2351 1494 sapit
2422 1410 2519 1475 ab

460 1516 616 1585 lpso
665 1493 1096 1562 excludatur.
2608 1504 2616 1513 ·

591 1606 656 1672 3.
705 1582 903 1650 Licet
962 1584 1296 1650 musicam
1358 1603 1626 1671 organo
1700 1584 2073 1665 moderari,
2146 1596 2216 1651 et
2273 1586 2515 1666 etiam,

463 1695 620 1741 cum
669 1673 877 1739 venia
924 1684 1158 1739 tamen
1216 1670 1601 1751 Ordinarii,
1676 1671 1830 1740 aliis
1901 1674 2187 1740 musicis
2256 1674 2516 1741 instru-

461 1762 732 1842 mentiS,
803 1761 1226 1849 quibusdam
1296 1762 1524 1828 minus
1588 1762 1862 1828 usitatis
1924 1760 2247 1843 exclusiS,
2316 1764 2516 1830 durn-

461 1851 675 1918 modo
723 1872 969 1917 eorum
1042 1849 1312 1917 sonitus
1384 1861 1660 1916 cantum
1738 1850 2044 1937 adjuvet,
2116 1872 2255 1917 non
2328 1873 2512 1919 vero

457 1941 828 2027 opprimat.

474 2089 484 2096 .
593 2050 658 2116 4.
706 2027 1006 2096 Nonnisi
1054 2027 1270 2095 latino
1319 2049 1647 2096 sermone
1697 2049 1944 2096 omnes
1995 2026 2234 2096 Officii
2265 2040 2513 2117 partes

463 2130 625 2185 sunt
673 2118 1028 2192 canendae,
1077 2139 1311 2205 neque
1369 2118 1480 2184 alii
1551 2130 1799 2186 cantus
1873 2119 2147 2206 vulgari
2218 2119 2511 2207 eloquio

465 2219 626 2274 sunt
673 2207 1226 2273 intermiscendi.

595 2316 659 2384 5.
705 2294 978 2361 Textus
1026 2306 1235 2382 prout
1282 2318 1322 2363 a
1371 2317 1569 2363 sacra
1626 2294 1946 2382 Liturgia
2016 2309 2513 2383 proponuntur

463 2397 626 2452 sunt
673 2385 988 2471 apprime
1037 2384 1390 2465 servandi,
1441 2406 1671 2472 neque
1718 2383 1827 2450 fas
1873 2398 1983 2451 est
2048 2383 2328 2452 illorum
2400 2407 2509 2453 or-

468 2473 702 2542 dinem
767 2474 1257 2554 intervertere,
1326 2494 1593 2560 eosque
1656 2473 1907 2540 leviter
1954 2475 2162 2540 etiam
2211 2487 2510 2555 mutare,

464 2561 578 2628 vel
627 2570 738 2627 ex·
761 2562 1061 2648 integre,
1110 2574 1230 2628 aut
1277 2583 1365 2628 ex
1398 2573 1596 2649 parte
1630 2574 1898 2629 tantum
1932 2563 2277 2629 omittere.
2311 2563 2508 2631 Usus

460 2651 676 2737 igitur
721 2651 1020 2717 canendi
1067 2651 1135 2717 in
1190 2649 1526 2736 Vesperis
1581 2651 2013 2718 solemnibus
2068 2673 2285 2718 unum
2334 2652 2509 2720 alte-

460 2761 707 2806 rumve
735 2738 1099 2825 psalmum,
1128 2742 1385 2806 ceteris
1409 2741 1713 2822 omissiS,
1742 2741 2161 2827 reprobatur
2185 2762 2507 2827 prorsuS.

600 2829 664 2896 6.
744 2826 861 2895 Ad
940 2829 1432 2915 praescriptum
1511 2828 2044 2897 Caeremonialis
2118 2827 2509 2916 Episcopo-

457 2939 635 2998 rum,
682 2939 767 2983 ea
823 2938 1069 2983 norma
1139 2918 1611 2984 communiter
1681 2929 1789 2985 est
1862 2919 2238 2999 servanda,
2286 2930 2363 2984 ut
2434 2920 2505 2986 in

451 3006 844 3093 psalmodia
890 3004 1373 3093 Vesperarum
1424 3018 1671 3074 cantus
1717 3006 2205 3094 Gregorianus
2247 3007 2507 3074 debeat

454 3095 792 3174 adhiberi,
828 3095 896 3161 in
927 3093 1298 3162 versiculis
1331 3107 1562 3162 autem
1597 3096 2002 3183 doxologiae
2041 3093 2279 3164 Gloria
2303 3097 2513 3163 Patri

453 3193 526 3251 et
555 3184 623 3249 in
662 3185 925 3269 hymno
960 3184 1226 3250 musica
1257 3184 1559 3270 figurata
1593 3187 1915 3271 usurpari
1952 3186 2195 3273 possit.
2226 3184 2501 3252 Verum

461 3273 872 3339 conceditur
919 3294 1088 3339 usus
1135 3285 1599 3340 concentuum
1633 3275 1751 3362 qui
1778 3272 2502 3361 falsobordom'vulgo

456 3373 964 3448 nuncupantur,
1014 3371 1085 3429 et
1131 3362 1485 3431 interdum
1533 3374 1610 3428 ut
1656 3385 1905 3432 omnes
1952 3362 2198 3452 psalmi
2246 3363 2317 3430 in
2389 3385 2503 3430 so-
