2713 4137
348 191 438 236 DE
483 191 568 237 IIS
614 193 784 250 QUAE
816 192 1044 240 MISSAE
1077 193 1364 240 CELEBR.
1392 193 2076 252 PRAEREQUIRUNTUR
2153 197 2241 262 33

167 317 524 384 coloratae
571 328 643 384 et
689 339 818 383 acu
867 318 1098 404 pictae,
1148 293 1593 436 applicentur
1638 319 1819 404 parti
1870 318 2240 405 superiori,

168 429 212 473 a
268 429 474 474 more
522 406 850 492 liturgico
900 406 1207 473 alienum
1257 406 1437 472 est¹

321 493 697 586 Cmgulum
745 506 855 561 est
891 492 1258 561 funiculus
1304 515 1448 582 quo
1480 493 1661 574 alba,
1696 516 1783 561 ne
1812 465 2239 562 inconcinne

167 583 466 664 defluat,
515 584 604 651 ad
653 583 934 652 lumbos
981 585 1298 670 cingitur
1328 595 1398 649 et
1446 593 1834 682 coaptatur.
1882 583 2241 670 Congruit

167 672 352 740 illud
402 695 565 740 esse
611 672 907 738 linteum
956 673 1194 740 album
1243 673 1288 747 ²,
1362 673 1490 739 sed
1538 672 1967 758 permittitur
2026 673 2240 740 etiam

167 762 465 828 laneum
535 761 650 828 vel
720 762 1025 828 sericum
1096 774 1168 829 et
1238 759 1500 828 coloris
1569 773 2140 848 paramentorum
2192 760 2239 828 4.

165 849 781 918 Consuetudinem
830 862 1061 917 autem
1111 849 1353 917 utendi
1403 849 1690 936 cingulo
1737 850 1825 916 ad
1873 851 2092 916 instar
2135 849 2239 916 fa-

167 941 347 1005 sciae
391 939 684 1006 tolerari
730 961 965 1026 posse,
1017 941 1136 1006 ubi
1170 940 1389 1025 viget,
1426 939 1653 1006 donec
1686 939 1970 1024 cingula
2004 937 2239 1025 hujus-

165 1029 371 1094 modi
421 1029 792 1114 hucusque
835 1029 1156 1096 adhibita
1190 1041 1720 1110 consumentur,
1757 1049 1985 1115 nuper
2014 1027 2241 1094 decla-

170 1128 416 1183 ratum
462 1117 598 1183 fuit
643 1117 690 1184 4.

181 1247 188 1252 -
310 1169 726 1292 Manipulus
768 1204 1002 1272 locum
1049 1216 1242 1272 tenet
1309 1205 1618 1292 antiquae
1688 1206 2060 1292 mappulae,
2112 1226 2238 1274 seu

165 1294 544 1371 sudarioli,
613 1294 808 1382 quod
855 1295 945 1360 ab
1016 1296 1346 1362 omnibus
1392 1295 1751 1380 publicum
1821 1294 2238 1394 gerentibus

166 1381 508 1465 officium,
559 1383 840 1450 sudoris
888 1383 1218 1483 tergendi
1268 1405 1505 1464 causa,
1553 1406 1770 1450 manu
1816 1384 2105 1450 sinistra
2136 1394 2239 1449 te-

165 1473 499 1548 nebatur.
550 1471 890 1558 Ejusdem
938 1473 1257 1538 materiae
1320 1493 1483 1539 esse
1530 1474 1743 1540 debet
1802 1494 1883 1538 ac
1940 1471 2236 1558 planeta,

166 1560 406 1628 tribus
439 1573 730 1628 ornatus
753 1561 1085 1627 crucibus
1111 1572 1322 1648 atque
1355 1563 1702 1646 praeditus
1734 1562 1950 1641 vittis,
1977 1561 2235 1648 quibus

170 1650 476 1716 brachio
524 1649 813 1716 sinistro
864 1649 1424 1737 circumligatur.

309 1737 513 1805 Stola
561 1750 670 1805 est
716 1739 807 1806 ad
855 1739 1081 1806 instar
1109 1739 1378 1819 fasciae,
1413 1761 1625 1826 quam
1657 1711 2021 1806 Sacerdos
2054 1736 2240 1804 collo

167 1827 496 1926 imponit,
529 1827 625 1894 ita
672 1837 747 1893 ut
795 1838 953 1893 ante
1001 1839 1250 1914 pectus
1298 1828 1460 1895 hinc
1507 1829 1673 1895 inde
1720 1828 2049 1914 pendeat.
2077 1825 2241 1913 Ipsa

169 1926 283 1983 est
335 1916 622 2002 signum
671 1915 944 1983 ordinis
991 1927 1063 1982 et
1111 1916 1343 1998 officii,
1395 1939 1538 1983 non
1586 1937 1763 1984 vero
1800 1916 2237 2002 jurisdictio-

174 2005 292 2071 nis
346 2003 690 2090 &Quoad
724 2005 1092 2072 materiam
1121 2006 1308 2074 idem
1343 2006 1621 2074 dicatur
1644 2027 1725 2073 ac
1759 2005 1849 2073 de
1880 2005 2237 2093 manipulo

169 2107 243 2161 et
279 2093 590 2181 planeta,
625 2106 695 2161 et
726 2105 874 2161 tres
907 2096 1060 2182 ipsa
1091 2118 1379 2183 quoque
1412 2118 1663 2163 cruces
1697 2096 1969 2162 referre
2003 2095 2236 2163 debet.

167 2182 576 2269 Presbyter
643 2182 1133 2251 celebraturus
1206 2184 1397 2252 illam
1444 2186 1540 2252 ita
1588 2186 1721 2251 sibi
1790 2184 2094 2270 imponit
2139 2194 2234 2266 ut,

171 2272 474 2341 dextera
520 2273 968 2340 extremitate
1055 2295 1273 2373 super
1333 2275 1691 2341 sinistram
1765 2274 1995 2354 ducta,
2068 2283 2234 2340 ante

167 2371 431 2517 Rectus
478 2362 546 2428 in
595 2361 898 2429 formam
936 2364 1168 2430 crucis
1203 2364 1491 2451 cingulo
1539 2363 1889 2430 firmatam
1954 2373 2232 2443 teneat;

235 2470 576 2537 piscopus
621 2473 797 2518 vero
848 2451 1150 2519 solutam
1209 2453 1375 2520 hinc
1437 2453 1599 2520 inde
1658 2452 1909 2532 defert,
1960 2451 2234 2519 ratione

173 2537 440 2638 Crucis
485 2538 886 2627 pectoraIiS,
936 2564 1098 2629 quae
1165 2562 1384 2628 super
1449 2541 1684 2610 albam
1753 2551 1915 2607 ante
1986 2549 2232 2627 pectus

176 2627 412 2715 ipsius
459 2629 744 2714 pendet.

765 2932 880 2988 .Il
911 2933 1171 2989 Parroco
1201 2934 1566 3007 provvedutO,
1570 2943 1741 3061 apa.
1778 2935 1874 3005 61,
1910 2952 1950 2989 n
1986 2952 2039 2991 2.

281 2934 346 3073 g?
377 2935 440 3059 S).
477 2937 762 3060 R.¹Ciczizg
690 3003 1032 3074 22Ja.nuar
1075 3022 1229 3075 1701,
1269 3022 1327 3061 n.
1370 3006 1606 3077 2067,a
1742 3005 1813 3061 11.

320 3074 441 3142 )S.
477 3075 552 3131 R.
589 3075 654 3132 C.
691 3092 764 3145 23
801 3076 1449 3147 Dec.1862,n.3118;
1505 3079 1542 3132 8
1589 3077 1749 3148 Junii
1790 3093 1944 3148 1709,
1984 3094 2041 3132 n.
2074 3094 2237 3150 2194,

172 3148 256 3203 ad
243 3146 398 3290 .Ι]Ῑ
386 3218 448 3274 S.
486 3218 560 3272 R.
595 3217 663 3274 C.
699 3235 770 3289 24
808 3218 962 3273 Nov.
997 3220 1153 3289 1899,
1194 3235 1253 3274 n.
1286 3220 1449 3289 4048,
1487 3219 1564 3273 ad
1601 3218 1703 3275 VI.

281 3294 338 3361 5)
376 3289 467 3345 Cf.
501 3236 880 3362 suffragium
908 3292 968 3344 in
997 3289 1216 3345 Collect.
1242 3290 1417 3345 Auth.
1445 3290 1663 3346 Decret.
1694 3290 1756 3346 S.
1783 3289 1857 3347 R.
1888 3289 1951 3348 C.
1978 3289 2106 3347 Vol.
2126 3290 2242 3347 IV.

167 3370 310 3435 pag.
349 3363 424 3417 18
425 3379 480 3418 2.

175 3472 469 3527 qums.
507 3470 780 3542 Liturgia
818 3469 986 3525 Miss.
1023 3468 1194 3524 Rom.
2174 3485 2210 3538 3
