2713 4137
193 247 198 252 ·
317 223 410 268 DE
455 221 540 268 IIS
585 221 744 279 QUAE
789 223 1006 270 MISSAE
1047 223 1336 270 CELEBR.
1370 223 2033 283 PRAEREQUIRUNTUR
2113 227 2191 291 17

152 363 312 408 rum
359 355 792 410 excrescenti
775 345 932 410 ihus
980 345 1254 434 templis
1286 355 1497 432 atque
1530 343 2049 414 difficultatibus
2078 345 2197 413 illa

152 432 391 498 omnia
454 433 934 513 consecrandi,
997 427 1187 520 quod
1250 454 1381 519 per
1438 433 1865 520 Episcopum
1925 446 2196 502 tantum

148 519 305 586 fieri
353 531 649 606 poterat,
684 543 1096 588 concessum
1128 521 1257 588 fuit
1290 533 1367 588 ut
1407 544 1535 609 per
1567 523 1952 610 simplicem
1986 524 2197 591 etiam

150 608 738 690 benedictionem,
788 613 876 676 ab
923 609 1293 698 EpiscopO,
1343 611 1459 678 vel
1504 611 1897 712 Sacerdote
1958 615 2047 681 ab
2110 634 2197 680 eo

147 698 482 784 delegato
530 698 806 780 factam,
853 699 1130 785 templa,
1184 701 1579 786 praesertim
1636 701 1927 780 minora,
1977 702 2195 768 dicari

144 797 465 946 gossem.
544 787 770 854 Porro
835 817 866 847 α
935 788 1342 856 incumbere
1408 790 1668 857 debent
1728 787 2054 877 Episcopi
2122 802 2197 856 ut

207 874 490 943 cclesiae
525 875 770 942 saltem
803 875 1268 944 Cathedrales
1293 889 1366 944 et
1394 877 1845 945 Parochiales
1878 878 2197 946 solemni-

145 975 258 1030 ter
281 977 808 1032 consecrentur.
839 964 1095 1049 Quoad
1127 969 1436 1032 minores
1466 966 1840 1046 EcclesiaS,
1877 968 1934 1033 si
1968 968 2191 1033 nolint

149 1054 246 1120 uti
289 1052 449 1139 jure
499 1075 626 1119 suo
659 1054 814 1121 illas
847 1055 1252 1122 solemniter
1281 1057 1762 1136 consecrandi,
1794 1054 2192 1122 facultatem

147 1143 463 1210 tribuant
508 1143 1018 1211 Sacerdotibus
1066 1166 1188 1211 eas
1238 1144 1699 1212 benedicendi
1753 1145 1795 1210 ¹.
1852 1173 1882 1203 n

280 1253 394 1296 22.
438 1229 716 1318 Regula
764 1233 1101 1299 canonica
1146 1244 1402 1299 statuta
1448 1233 1518 1299 in
1553 1231 1871 1300 Concilio
1904 1231 2199 1301 Triden-

145 1320 318 1398 tin0‚
366 1341 497 1418 per
541 1342 749 1420 quam
792 1322 909 1408 jus
956 1332 1160 1388 vetus
1205 1321 1560 1402 limitatur,
1608 1332 1716 1388 est
1749 1344 1837 1389 ne
1868 1321 2196 1410 Episcopi

151 1439 181 1472 a
235 1409 590 1496 patiantur
619 1410 912 1514 privatis
945 1411 1014 1476 in
1050 1411 1398 1490 domibuS,
1434 1422 1643 1498 atque
1678 1411 1965 1477 omnino
1998 1426 2196 1479 extra

144 1498 537 1566 Ecclesiam
587 1510 656 1564 et
702 1489 793 1565 ad
841 1499 1156 1567 divinum
1203 1510 1473 1566 tantum
1544 1499 1805 1566 cultum
1877 1500 2195 1567 dedicata

148 1587 504 1667 Oratoria,
554 1589 644 1653 ab
691 1589 959 1656 eisdem
995 1587 1393 1656 Ordinariis
1441 1588 1878 1675 designanda
1925 1599 1996 1654 et
2041 1589 2195 1654 visi-

141 1676 379 1753 tanda,
413 1675 490 1744 S
524 1674 960 1744 Sacrificium
997 1700 1036 1744 a
1081 1676 1543 1744 saecularibus
1574 1687 1692 1743 aut
1721 1675 2195 1775 Regularibus

143 1766 710 1853 quibuscumque
759 1767 1005 1853 peragi
1061 1765 1107 1832 ².
1159 1795 1190 1826 n
1259 1765 1449 1832 Loca
1512 1767 1728 1852 igitur
1796 1788 1865 1831 m
1937 1767 2193 1852 quibus

143 1853 479 1942 Episcopi
544 1854 956 1921 auctoritate
1021 1854 1184 1921 licet
1245 1855 1606 1922 celebrare
1673 1853 1960 1921 Missam
2032 1864 2194 1920 sunt

144 1943 488 2011 Ecclesiae
537 1953 608 2008 et
656 1942 990 2010 Oratoria
1038 1944 1249 2011 cultui
1296 1944 1539 2011 divino
1588 1944 1814 2011 dicata
1846 1945 1997 2011 sive
2031 1964 2218 2022 con-,

149 2033 570 2111 secratione,
621 2033 771 2100 sive
822 2032 1331 2101 benedictione.

159 2180 166 2186 .
282 2121 623 2188 Oratoria
669 2133 903 2189 autem
950 2122 1048 2188 ita
1117 2123 1639 2221 distinguuntur
1707 2134 1782 2188 ut
1851 2122 1983 2189 alia
2055 2121 2194 2187 sint

146 2210 262 2278 vel
281 2208 592 2297 publica,
643 2210 758 2277 vel
818 2209 1270 2298 semipublzca,
1342 2211 1477 2277 alia
1526 2212 1665 2277 sint
1721 2211 2005 2299 przvata
2064 2232 2189 2277 seu

147 2299 536 2365 domestica.
583 2297 658 2365 In
724 2300 854 2379 his,
902 2322 1064 2388 quae
1112 2300 1182 2366 in
1255 2300 1691 2386 privatorum
1755 2299 2189 2367 exclusivum

147 2410 357 2455 usum
404 2388 794 2473 eriguntur,
844 2398 911 2453 et
962 2389 1448 2456 benedictione
1497 2387 1834 2456 Ecclesiae
1907 2388 2191 2476 propria

145 2478 438 2544 minime
517 2477 1046 2558 benedicuntur,
1111 2500 1250 2544 non
1313 2478 1495 2558 licet,
1562 2478 1714 2543 sine
1775 2476 2189 2563 Apostolico

144 2564 448 2647 Indulto,
499 2564 858 2633 celebrare
923 2565 986 2647 ³;
1057 2566 1388 2665 idemque
1456 2565 1805 2633 Indultum
1875 2565 2193 2665 pluribus

148 2654 493 2721 limitibus
541 2654 690 2720 sive
739 2676 1219 2741 personarum,
1271 2677 1423 2721 sive
1456 2655 1814 2742 temporiS,
1852 2656 2002 2722 sive
2034 2653 2191 2735 loci,

157 2742 343 2811 solet
389 2743 756 2809 coarctari.

283 2830 620 2898 Oratoria
656 2830 927 2917 publica
975 2854 1058 2898 ea
1107 2843 1269 2898 sunt
1307 2852 1489 2919 quae,
1526 2832 1940 2899 auctoritate
1990 2830 2196 2899 Ordi-

143 2920 332 2987 narii
380 2921 469 2988 ad
517 2920 872 3007 publicum
920 2919 1053 2987 Dei
1103 2920 1365 2987 cultum
1414 2930 1756 3008 perpetuo
1791 2921 2036 3003 dicata,
2077 2924 2195 2989 be-

243 3099 299 3166 1)
339 3096 402 3153 S.
441 3097 514 3153 R.
553 3098 688 3167 C.7
869 3140 881 3153 .
923 3099 1076 3168 1875,
1116 3116 1172 3152 n.
1428 3098 1504 3152 ad
1550 3097 1594 3154 Ι.
1637 3096 1725 3152 Cf.
1762 3114 1922 3167 resp.
1959 3116 1993 3151 2
2035 3097 2201 3169 Sept

131 3170 300 3239 1871,
340 3184 592 3250 n.·3255,
646 3169 721 3222 ad
727 3098 871 3224 AII.
920 3169 1095 3237 Ritus
1144 3099 1318 3223 bem?
1343 3139 1541 3223 i’cendi
1578 3168 1879 3223 Ecclesias
1916 3177 2113 3224 exstat
2138 3172 2202 3225 in

125 3240 514 3380 Αρὲῗῃὲἲνῖἓ.
541 3239 1147 3367 lssssffiligegonfffih
1188 3310 1356 3365 Decr.
1400 3310 1467 3366 de
1503 3310 1718 3365 observ.
1755 3316 1809 3365 et
1842 3315 1937 3366 vit.
1975 3316 2074 3367 etc.

242 3386 304 3452 3)
343 3380 406 3437 S.
445 3382 518 3437 R.
557 3382 622 3438 C.
656 3399 729 3435 20
767 3382 932 3452 Sept.
972 3399 1125 3453 1749,
1165 3399 1222 3436 n.
1259 3398 1422 3452 2404,
1462 3381 1538 3436 ad
1574 3380 1649 3437 V.

131 3506 430 3562 mems.
468 3505 735 3576 Lilurgia
775 3504 941 3561 Mis&
983 3504 1150 3560 Rom.
2079 3523 2115 3561 2
