2713 4137
609 270 698 314 DE
743 266 1126 313 NONNULLis
1173 256 1521 312 PARTfflus
1570 267 1789 314 MlsSAE
2133 269 2221 334 77

169 395 388 459 missa
435 412 614 457 voce
667 392 710 457 ¹.
762 389 977 474 Quod
1017 389 1084 453 si
1135 387 1289 454 aliae
1341 409 1593 476 preces
1642 389 1779 455 sint
1812 389 2221 470 recitandae,

165 482 362 570 quod
396 481 677 547 minime
707 479 1150 546 interdicitur
1185 477 1230 556 ²³,
1270 478 1383 543 vel
1415 477 1534 542 fiat
1564 479 1912 565 expositio
1946 477 2061 547 Ss.
2096 477 2218 547 Sa·

167 571 532 650 eramenti,
590 571 705 635 vel
762 568 1190 636 Communio
1247 567 1507 653 populi,
1567 567 1676 632 his
1729 569 2057 634 omnibus
2114 577 2226 635 est

167 659 658 747 praemittenda
708 657 1028 724 recitatio
1076 678 1369 742 precum
1424 678 1464 722 a
1517 654 1602 723 R.
1652 656 1991 723 Pontifice
2046 677 2221 742 prae-

167 747 644 835 scriptarum⁸.
689 746 779 814 Et
821 745 1220 831 Regulares
1267 746 1389 832 qui
1438 767 1525 812 ex
1578 742 2226 813 Constitutionibus

169 837 278 904 sui
335 835 649 917 Ordinis,
706 848 780 902 ut
852 857 1018 902 ecce
1089 833 1513 914 Carmelitae‚
1584 847 1916 901 tenentur
1962 835 2031 901 in
2081 835 2226 901 fine

167 927 413 993 Missae
484 927 782 992 recitare
852 925 1340 1010 Antiphonam
1416 921 1625 989 Salve
1702 921 1983 1011 Regina
2062 946 2220 990 cum

168 1012 544 1081 versiculis
596 1015 745 1081 Ora
781 1023 914 1100 pro
969 1011 1182 1091 nobis,
1239 1025 1371 1079 etc.
1444 1025 1513 1078 et
1570 1011 1917 1078 Oratione
1992 1011 2229 1080 Omni-v

157 1113 424 1192 potens,
475 1103 736 1169 debent
768 1115 1014 1189 postea
1048 1104 1346 1168 recitare
1383 1123 1629 1167 rursus
1662 1103 1984 1169 eamdem
2016 1101 2226 1170 Anti-

168 1195 484 1280 phonam
533 1207 602 1256 et
650 1213 899 1278 preces
949 1214 987 1258 a
1033 1191 1118 1257 R.
1169 1190 1506 1257 pontifice
1554 1201 1849 1257 statutas
1898 1192 1943 1258 ⁴.

305 1279 614 1364 Quaeres
644 1291 732 1346 2.‘'
761 1305 774 1347 ε
806 1279 1110 1347 Ubinam
1146 1280 1403 1346 debeat
1434 1279 1793 1348 Sacerdos
1826 1281 2225 1350 consistere

167 1371 236 1435 in
290 1370 623 1456 precibus
670 1370 822 1434 istis
872 1368 1250 1436 dicendis?
1294 1368 1556 1456 Resp.:
1610 1399 1639 1429 a
1695 1369 1771 1435 In
1807 1371 2219 1438 recitatione

164 1480 461 1546 precum
522 1456 1138 1543 genuflectendum
1209 1480 1339 1545 pro
1386 1459 1607 1525 lubitu
1658 1458 1807 1524 sive
1857 1460 1925 1525 in
1976 1479 2227 1549 suppe-

164 1549 423 1625 daneo,
495 1547 645 1613 sive
701 1547 768 1612 in
841 1547 1080 1613 infimo
1152 1548 1381 1632 gradu
1450 1547 1720 1614 Altaris
1781 1577 1810 1607 υ
1873 1550 1919 1614 ⁵.
1985 1547 2040 1613 F
2047 1548 2227 1616 lexis

165 1647 402 1704 autem
452 1636 756 1721 genibus
813 1657 940 1722 per
1009 1637 1365 1722 integrum
1437 1658 1559 1704 eas
1630 1659 1790 1703 esse
1860 1637 2223 1717 dicendaS,.

165 1735 363 1815 patet
413 1747 500 1790 ex
545 1723 858 1791 Rubrica
913 1725 1182 1792 eisdem
1239 1726 1551 1812 praefixa.

302 1813 380 1880 Id
431 1825 680 1881 notare
725 1824 1016 1901 praestat
1067 1826 1257 1880 recte
1309 1816 1375 1880 in
1434 1814 1728 1896 tabellis,
1786 1815 2042 1903 quibus
2114 1837 2218 1882 eae

165 1923 425 1990 preces
470 1902 660 1988 typis
709 1924 892 1968 nunc
939 1903 1454 1989 imprimuntur,
1503 1904 1664 1990 poni
1716 1903 1933 1970 Beato
1964 1903 2227 1992 Joseplz

166 2004 239 2058 et
287 2013 426 2058 non
475 1991 696 2058 Beato
732 1991 1050 2080 Joseplw,
1108 1994 1420 2081 itemque
1453 1993 1747 2081 primam
1804 2015 1893 2059 ex
1947 1995 2221 2061 duabus

168 2082 642 2149 Orationibus
689 2083 1011 2149 concludi
1063 2086 1302 2151 verbis
1350 2083 1495 2151 Per
1524 2082 1831 2149 eumdem
1868 2082 2226 2150 Christum

166 2170 549 2238 Dominum
595 2180 907 2238 nostrum
955 2172 1066 2257 (cf.
1117 2196 1183 2239 n.
1227 2174 1362 2257 68).

979 2385 1403 2455 ΑΡΡΕΝΠΙΧ

339 2518 468 2598 De
527 2517 1311 2599 administratione
1383 2517 2089 2600 CommunioniS.

257 2726 372 2792 81.
421 2724 602 2792 Cum
652 2747 790 2791 non
839 2735 1108 2791 tantum
1178 2726 1361 2791 intra
1427 2726 1737 2806 Missam,
1814 2726 1940 2792 sed
2012 2726 2225 2791 etiarn

167 2825 358 2895 ante,
408 2813 523 2879 vel
571 2825 732 2899 post
777 2836 953 2894 earn,
1003 2814 1430 2881 Communio
1464 2814 1788 2882 fidelibus
1835 2815 2061 2901 possit
2096 2813 2117 2844 ⁶
2152 2824 2221 2880 et

169 2902 401 2971 soleat
447 2903 943 2984 administrari,
994 2904 1081 2970 de
1131 2926 1213 2970 ea
1261 2905 1331 2971 in
1382 2906 1514 2971 hac
1548 2904 1967 2992 Appendice
2000 2903 2229 2990 loqui·

275 3030 329 3094 1)
367 3024 430 3081 S.
469 3026 542 3080 R.
579 3026 646 3082 C.
683 3044 713 3096 7
753 3027 899 3083 Dee.
958 3045 1118 3097 1900,
1168 3030 1326 3099 apud
1376 3030 1615 3102 Ephem.
1654 3029 1876 3101 Lilurg.
1934 3046 2029 3083 an.
2090 3045 2223 3097 1901

161 3114 303 3169 pag.
325 3097 451 3166 265.
477 3097 682 3167 Neque
709 3100 1143 3168 expectandum
1171 3101 1327 3170 quod
1358 3118 1491 3171 quae
1519 3101 1592 3155 ab
1619 3102 1749 3155 aliis
1778 3101 1929 3155 fiunt
1967 3108 2232 3155 cessent.

269 3170 328 3234 2)
368 3167 428 3222 S.
466 3168 538 3225 R.
577 3168 645 3225 C.
680 3187 746 3238 31
788 3170 944 3241 Aug.
983 3172 1138 3241 1867,
1179 3189 1237 3227 n.
1270 3188 1431 3242 3157,
1470 3173 1546 3226 ad
1582 3172 1715 3228 VII.

270 3241 328 3309 3)
368 3239 429 3294 S.
466 3240 539 3295 R.
577 3240 641 3295 C.
683 3259 748 3310 23
788 3242 935 3296 Nov.
976 3244 1130 3313 1887,
1173 3261 1228 3297 n.
1265 3245 1425 3312 3682.

271 3315 330 3380 4)
369 3310 431 3366 S.
469 3311 544 3367 R.
581 3311 648 3367 C.
689 3314 755 3366 18
784 3313 944 3382 Junii
997 3315 1153 3383 1885,
1193 3332 1248 3369 n.
1288 3316 1447 3385 3637,
1488 3314 1563 3368 ad
1600 3313 1731 3368 VII.

271 3386 330 3453 5)
368 3382 456 3437 Ita
495 3382 555 3437 S.
595 3383 666 3437 R.
705 3384 770 3439 C.
812 3386 877 3438 18
904 3385 1064 3454 Junii
1105 3387 1260 3455 1885,
1299 3404 1354 3441 n.
1392 3387 1551 3456 3637,
1591 3385 1667 3438 ad
1702 3383 1863 3441 VIII.

273 3455 332 3520 6)
370 3453 434 3510 S.
471 3454 542 3509 R.
581 3455 647 3511 C.
688 3472 752 3526 17
783 3456 1118 3526 Julii‚1894,
1157 3475 1213 3511 n.
1250 3458 1410 3527 3832,
1450 3458 1525 3512 ad
1565 3456 1663 3512 III.
