2713 4137
322 196 412 242 DE
458 196 542 240 IIS
588 195 740 251 QUAE
786 195 1004 242 MISSAE
1052 195 1341 242 CELEBR.
1376 195 2036 252 PRAEREQUIRUNTUR
2113 197 2203 263 49

147 329 394 405 potest
441 319 509 384 in
558 317 1128 386 Conservatoriis
1175 316 1587 404 puellarum,
1622 339 1760 384 non
1797 329 1910 384 est
1941 329 2207 405 praesto

147 407 289 474 nisi
333 407 639 493 juveniS,
687 429 896 494 quem
945 406 1288 474 adhibere
1335 427 1475 472 non
1522 407 1805 492 expedit
1855 407 1898 473 ¹.

293 517 406 584 52.
457 494 617 580 Qua
649 517 816 562 cura
847 496 1031 562 inter
1066 496 1534 581 morigeratos
1566 496 1779 576 virOS,
1814 497 2209 581 praesertim

146 585 496 669 junioreS,
524 583 865 671 seligendi
892 598 1050 650 sunt
1075 583 1555 651 ministrantes
1588 595 1783 650 tanto
1815 582 2201 667 SacrificiO,

149 697 295 761 qua
335 673 712 741 devotione
745 685 955 760 atque
988 673 1335 740 modestia
1368 673 1413 739 ii
1447 673 1707 740 debent
1740 695 1993 739 munus
2024 674 2212 742 istud

147 763 558 849 angelicum
607 762 825 842 obire,
874 762 1161 849 exponit
1207 760 1295 828 cl.
1338 760 1396 827 F
1400 760 1723 848 umagalli
1777 763 1845 828 in
1894 784 2023 829 suo
2070 762 2214 829 Ma·-

149 850 350 918 nuali
378 850 421 931 ²,
458 852 571 917 ubi
600 851 804 918 etiam
832 851 1143 917 adnectit
1166 851 1545 930 Statutum,
1572 872 1733 918 curn
1753 849 2215 938 Indulgentiis

151 963 198 1006 a
251 961 308 1006 S.
360 963 454 1006 m.
507 940 636 1007 Pio
683 938 806 1006 IX.
853 940 1234 1020 concessiS‚
1281 938 1695 1008 Sodalitatis
1742 941 1873 1007 sub
1930 941 2215 1007 nomine

148 1027 236 1128 S.
277 1028 568 1184 Joaginis
636 1027 1078 1096 Berchmans
1145 1027 1226 1097 S.
1287 1028 1348 1114 J.
1422 1051 1511 1097 ex
1580 1028 1920 1097 Ecclesiae
1993 1030 2217 1096 inser-

155 1128 386 1184 vienti
442 1139 546 1184 us,

984 1360 1255 1432 CAPUT
1299 1362 1407 1432 Vl.

350 1529 483 1611 De
540 1533 919 1612 materia
974 1536 1193 1632 apta
1247 1533 1366 1611 ad
1424 1529 2011 1612 Sacrificium.

298 1765 411 1833 53.
457 1743 773 1824 Materia,
843 1765 1006 1831 quae
1076 1743 1164 1810 ad
1234 1741 1677 1811 Sacrificium
1749 1744 2219 1812 essentialiter

157 1833 565 1922 requiritur,
593 1833 874 1900 nonnisi
900 1854 984 1899 ea
1010 1853 1171 1898 esse
1196 1843 1428 1918 potest
1457 1855 1668 1920 quam
1700 1831 1852 1918 ipse
1877 1832 2208 1901 Christus

147 1922 362 2008 Jesus
395 1921 883 1989 determinavit
911 1932 1120 2008 atque
1153 1921 1226 1987 in
1259 1919 1581 2005 ejusdem
1604 1920 1949 1990 Sacrificii
1984 1921 2209 2007 prima

157 2011 600 2080 institutione
634 2010 970 2091 adhibuit,
999 2032 1252 2097 nempe
1285 2010 1486 2097 panis
1519 2010 1832 2080 triticeus
1865 2021 1935 2077 et
1964 2011 2207 2078 vinum

163 2102 255 2168 de
304 2102 448 2168 vite
497 2100 542 2167 ⁸.
589 2100 815 2168 Porro
865 2101 1064 2189 panis
1112 2100 1428 2166 triticeus
1479 2100 1593 2166 ille
1648 2098 2059 2187 intelligitur
2087 2101 2211 2189 qui

164 2200 278 2257 est
317 2190 682 2258 confectus
713 2188 938 2257 farina
969 2189 1299 2256 frumenti
1332 2200 1403 2255 et
1433 2211 1614 2276 aqua
1648 2190 1966 2270 naturali,
1998 2201 2212 2277 atque

163 2282 335 2366 igne
384 2300 564 2367 puro
613 2289 872 2346 coctus,
921 2277 1004 2347 Si
1053 2300 1142 2345 ex
1176 2278 1286 2345 his
1319 2300 1538 2343 unum
1584 2277 1881 2359 deficiat,
1914 2280 2209 2346 materia

165 2389 329 2456 quae
377 2369 468 2435 sit
515 2378 711 2434 certo
761 2367 993 2434 valida
1042 2388 1183 2433 non
1231 2367 1555 2434 habetur.
1602 2364 1865 2433 Vinum
1935 2378 2215 2453 oportet

164 2458 253 2523 sit
298 2457 532 2543 liquor
577 2478 668 2523 ex
713 2456 870 2523 uvis
918 2457 1208 2522 maturis
1256 2476 1639 2541 expressus
1689 2466 1760 2522 et
1805 2455 1894 2523 ad
1936 2456 2211 2523 ordina-

165 2548 341 2613 riam
387 2544 1001 2611 fermentationem
1040 2544 1386 2611 adductus
1406 2566 1423 2624 ;
1474 2565 1679 2611 secus
1711 2544 2017 2611 invalide
2051 2564 2215 2610 con·

168 2645 505 2701 secratur.
554 2632 868 2709 Necesse
930 2643 1036 2700 est
1095 2634 1303 2700 etiam
1375 2654 1608 2720 neque
1664 2654 1913 2719 panem
1983 2654 2215 2720 neque

168 2724 409 2789 vinum
443 2744 605 2790 esse
653 2733 1093 2809 corruptum;
1129 2722 1331 2788 aliter
1364 2722 1658 2790 materia
1688 2721 1925 2808 inepta
1951 2722 2209 2791 evadit.

172 2811 349 2878 Haec
421 2811 826 2879 essentialia
877 2821 1059 2879 sunt.

277 3079 332 3146 1)
368 3080 450 3135 Μ.
489 3079 556 3133 C.
597 3079 667 3133 G.
713 3073 1147 3130 Consultazioni
1182 3073 1332 3129 Mor.
1376 3072 1513 3130 Can.
1540 3074 1650 3130 Lit.
1677 3076 1745 3132 P.
1778 3075 1891 3132 III.
1920 3074 2085 3131 ConS.
2123 3075 2192 3131 V.
2203 3094 2231 3144 ,-

169 3147 234 3204 S.
267 3148 340 3202 R.
377 3147 442 3203 C.
485 3148 552 3202 18
589 3146 790 3203 Martii
834 3148 988 3215 1899,
1029 3164 1086 3201 n.
1125 3161 1284 3216 4015,
1313 3145 1389 3199 ad
1429 3144 1529 3200 VI.

271 3222 328 3289 2)
369 3221 745 3289 Fumagalli.
783 3216 1077 3271 Manuale.
1121 3221 1221 3271 etc.
1258 3216 1324 3271 L.
1370 3215 1457 3271 II.
1504 3234 1557 3271 v.
1594 3217 1875 3273 Minister.
1918 3216 2006 3272 Cf.
2048 3217 2229 3272 etiam

167 3296 393 3349 Aratu.
430 3289 491 3345 Il
521 3289 585 3346 S.
622 3288 796 3345 Sacri
841 3291 926 3342 cio
964 3287 1114 3342 della
1152 3288 1364 3341 Messa.
1407 3286 1543 3359 Cap.
1580 3287 1755 3344 XVI.
2282 3314 2287 3317 ·

274 3366 331 3432 3)
370 3360 460 3418 Cf.
502 3360 724 3417 Cateclz.
813 3376 934 3414 onc.
979 3358 1032 3414 T
1029 3358 1143 3414 rid.
1180 3358 1270 3413 De
1313 3357 1699 3415 Eucharistia.

171 3486 455 3541 anms.
492 3484 761 3555 Lam-gia
799 3482 966 3538 Miss.
1005 3481 1175 3535 Rom.
2158 3503 2197 3557 4
