2713 4137
489 180 582 267 96
986 200 1073 247 DE
1121 202 1361 248 mvmo
1410 202 1685 249 orrlcxo
1736 202 1806 248 IN
1854 202 2085 249 SPECIE

1279 434 1553 505 CAPUT
1599 433 1769 505 v111.

998 562 1130 644 De
1190 561 1535 643 Officiis
1589 564 2055 644 festorum.

642 796 787 862 129.
828 774 982 860 Jam
1032 797 1245 861 supra
1302 776 1754 861 exposuimus
1812 775 1981 863 quid
2034 776 2393 862 proprium
2458 778 2553 842 sit

499 864 965 950 quorumdam
1014 862 1359 931 festorum
1393 875 1464 931 et
1512 862 1953 945 Officiorum,
1989 885 2235 931 eorum
2284 886 2545 963 nempe

499 973 684 1038 quae,
779 963 1018 1051 utpote
1100 952 1372 1019 adnexa
1450 951 1839 1020 Dominicis
1919 965 1986 1019 et
2076 952 2274 1019 feriis
2340 952 2557 1040 juxta

501 1043 1094 1127 computationem
1173 1042 1337 1107 anni
1418 1041 1893 1123 ecclesiastici,
1988 1042 2289 1108 maxime
2384 1064 2551 1109 cum

503 1127 779 1196 Officiis
827 1131 914 1198 de
963 1144 1282 1215 tempore
1333 1142 1854 1197 connectuntur.
1911 1129 2260 1198 Remanet
2331 1144 2405 1196 ut
2464 1154 2551 1199 ea

499 1219 714 1286 modo
763 1240 1218 1306 exponamuS,
1270 1239 1432 1306 quae
1483 1218 1570 1285 ad
1605 1217 1861 1285 Officia
1895 1229 2214 1305 spectant
2245 1220 2551 1287 aliorum

501 1306 861 1388 festorum,
913 1330 1155 1374 eorum
1233 1328 1490 1393 nempe
1556 1327 1738 1394 quae,
1791 1308 1943 1374 sive
2004 1308 2140 1376 fixa
2184 1309 2342 1389 sint,
2390 1310 2551 1376 sive

501 1395 806 1477 mobilia,
855 1397 1013 1461 anni
1062 1395 1288 1463 civilis
1337 1397 1924 1482 computationem
1976 1407 2385 1484 sequuntur.

633 1483 735 1552 Ea
769 1496 1023 1565 tamen,
1059 1484 1364 1571 singulis
1397 1484 1778 1565 mensibus,
1808 1484 2064 1552 Officia
2119 1484 2551 1553 declaranda

501 1572 888 1659 seligimuS,
937 1594 1098 1661 quae
1136 1574 1416 1659 potiora
1452 1584 1519 1639 et
1553 1582 1798 1639 notatu
1832 1574 2157 1660 digniora
2188 1574 2547 1642 videntur.

640 1684 786 1749 130.
832 1662 1082 1728 Mense
1131 1665 1542 1747 januario.
1592 1661 1729 1728 Die
1767 1663 1869 1729 18.
1908 1661 2265 1729 Cathedroe
2306 1660 2387 1729 S.
2423 1663 2552 1731 Pe-

500 1750 599 1817 trz
635 1754 760 1838 Ap.
809 1750 1073 1818 Romoe.
1122 1749 1333 1836 Dupl.
1387 1750 1546 1837 maj.
1594 1749 1671 1816 In
1720 1752 2035 1907 utriscbe
2068 1750 2411 1838 Vesperis
2460 1774 2547 1819 ac

503 1840 572 1905 in
620 1838 981 1907 Laudibus
1028 1840 1104 1905 fit
1152 1840 1733 1906 commemoratio
1780 1838 1835 1908 S
1982 1839 2119 1907 auli
2166 1840 2326 1927 Ap,
2376 1852 2544 1908 ante

498 1925 692 2009 aliaS,
741 1939 811 1995 et
855 1928 1140 2028 quidem
1189 1950 1315 2015 per
1361 1939 1580 1995 totam
1631 1937 1975 2009 octavam,
2030 1930 2147 1996 ubi
2181 1929 2335 1995 haec
2368 1931 2543 1997 obti-

502 2029 640 2099 net,
692 2038 757 2084 v.
805 2038 877 2104 g.
927 2018 1200 2084 ratione
1249 2016 1608 2086 TitulariS.
1657 2016 1850 2084 Idem
1900 1980 2171 2086 dicatur
2203 2017 2291 2085 de
2338 2018 2547 2086 festis

506 2068 863 2174 Cat'hedroe
909 2105 986 2174 S.
1037 2105 1235 2174 Petrt
1275 2107 1411 2194 Ap.
1463 2107 1843 2174 A'ntzochioe
1875 2109 1985 2194 (22
2032 2106 2424 2208 Februarii)
2472 2120 2544 2176 et

501 2195 580 2262 S.
627 2195 828 2262 Petrz
867 2193 966 2260 ad
1017 2193 1300 2261 Vmcula
1318 2114 1410 2351 Ξῖ
1464 2195 1819 2283 Augusti)
1847 2194 2074 2263 Versa
2122 2198 2294 2278 vice,
2345 2199 2414 2263 in
2447 2197 2545 2264 fe-

502 2285 628 2350 stis
681 2282 1154 2352 Conversiom's
1202 2284 1279 2352 S.
1385 2282 1535 2350 aule
1561 2284 1697 2371 Ap.
1717 2289 1838 2384 (25
1878 2284 2213 2371 Januarii)
2246 2296 2318 2351 et
2353 2285 2542 2354 Com-

499 2373 1010 2440 memorationis
1057 2372 1377 2458 ejusdem
1421 2377 1533 2461 (30
1572 2372 1801 2458 Junii),
1836 2372 1912 2440 fit
1956 2375 2539 2441 commemoratio

497 2459 577 2530 S.
624 2460 815 2528 Petri
860 2461 1020 2549 Ap.
1070 2462 1282 2529 modo
1330 2483 1473 2548 quo
1522 2472 1702 2529 ante.

634 2549 769 2617 Die
815 2572 923 2638 23.
971 2549 1538 2636 Desponsatiom's
1586 2549 1675 2617 Β.
1712 2549 1970 2617 Marzoe
2014 2549 2093 2616 V.
2124 2547 2336 2636 Dupl.
2371 2550 2537 2636 maj.

496 2638 658 2706 Non
708 2650 816 2706 est
863 2639 1122 2706 festum
1156 2639 1581 2720 universale,
1616 2639 1743 2706 sed
1793 2661 1923 2726 pro
1956 2637 2307 2726 aliquibus
2338 2637 2540 2722 lociS,

499 2739 570 2795 et
615 2727 1148 2806 secundarium;
1198 2726 1455 2795 alicubi
1500 2727 1912 2814 indulgetur
1961 2728 2134 2795 ritus
2180 2728 2412 2795 altior.
2458 2727 2539 2794 In

495 2817 815 2903 utrisque
864 2815 1204 2902 Vesperis
1251 2838 1331 2883 ac
1381 2817 1450 2882 in
1503 2814 1885 2897 Laudibus,
1936 2818 2024 2884 ab
2086 2816 2220 2883 illis
2279 2817 2541 2903 quibus

491 2906 621 2972 fuit
669 2904 854 2972 facta
901 2904 1270 2972 concessio
1322 2905 1365 2985 ¹,
1412 2903 1509 2986 fit,
1560 2914 1718 2972 ante
1768 2904 1966 2987 alias,
2032 2927 2541 2973 commemora-

491 2995 591 3061 tio
637 2992 715 3063 S.
757 2993 1044 3080 Joseph,
1095 2994 1304 3061 etiam
1351 2992 1536 3061 infra
1586 3004 1931 3074 octavam,
1980 2994 2100 3060 ubi
2149 2995 2303 3061 haec
2354 2994 2539 3061 cele-

494 3083 758 3150 bratur.
829 3081 1252 3168 Hujusmodi
1326 3083 1910 3150 commemoratio
1986 3082 2380 3149 desumitur
2448 3104 2541 3150 ex

494 3172 678 3240 festo
726 3169 805 3240 S.
829 3171 1095 3259 Joseph
1127 3171 1265 3258 (die
1304 3193 1386 3261 19
1416 3169 1697 3256 Martii).
1730 3170 1808 3237 In
1843 3172 2289 3246 occurrentia
2324 3171 2539 3260 hujus

592 3369 644 3438 1)
683 3367 743 3423 S.
784 3366 856 3421 R.
895 3365 961 3424 C.
995 3381 1030 3436 5
1069 3365 1186 3434 Maj
1231 3366 1391 3436 1736,
1431 3382 1487 3420 n.
1524 3381 1685 3436 2319,
1724 3364 1800 3419 ad
1836 3364 1925 3420 tit.
1966 3363 2067 3420 IX.
