2713 4137
498 224 541 290 4
1139 223 1228 272 DE
1275 223 1547 272 MISSALI
1593 222 1891 272 ROMANO

634 345 816 414 Duae
864 356 1097 414 tamen
1161 346 1633 434 exceptiones,
1706 368 1795 412 ex
1838 344 2196 413 voluntate
2242 346 2550 433 positiva

503 436 591 504 R.
636 430 1017 517 pontificis,
1066 435 1415 522 effugiunt
1462 435 1967 522 obligationem
2013 435 2104 502 ab
2167 456 2254 500 eo
2322 436 2552 522 impo-

503 527 707 592 sitam
756 525 992 592 utendi
1040 524 1305 592 Missali
1352 523 1697 592 Romane.
1746 525 1950 593 Prior
1982 534 2091 591 est
2120 524 2359 611 quoad
2390 524 2551 592 Mis-

503 615 675 683 salia
723 616 812 681 ab
860 615 1013 700 ipsa
1062 615 1167 681 sui
1216 615 1440 700 prima
1486 613 1921 681 institutione
1971 636 2011 679 a
2058 611 2137 681 S.
2184 611 2383 681 Sede
2430 637 2554 701 ap-

503 705 816 792 probata,
873 702 1065 792 quod
1134 703 1417 791 quidem
1465 702 1706 770 valere
1777 702 2150 770 dicendum
2212 714 2324 768 est
2396 703 2553 770 sive

503 792 737 881 quoad
787 815 869 860 ea
915 813 1078 880 quae
1133 803 1291 859 ante
1323 791 1556 859 Breve
1588 791 1665 860 S.
1698 792 1804 859 Pii
1837 791 1922 860 V.
1947 791 2095 879 jam
2128 791 2551 873 existebant,

505 883 654 949 sive
703 881 937 969 quoad
987 903 1070 948 ea
1115 902 1278 969 quae
1327 891 1488 968 post
1534 880 1701 948 illud
1748 882 1865 948 vel
1918 882 2404 968 approbarunt
2436 882 2556 948 vel

504 971 955 1059 approbaturi
1007 980 1171 1038 sunt
1213 968 1367 1036 RR.
1401 969 1803 1038 Pontifices.
1834 969 2084 1037 Altera
2116 980 2224 1036 est
2256 970 2349 1037 de
2381 969 2556 1037 Mis·

503 1061 765 1132 salibus
812 1081 974 1148 quae
1020 1082 1060 1125 a
1109 1059 1434 1126 ducentis
1480 1059 1684 1127 annis
1715 1070 1878 1127 ante
1960 1057 2283 1126 raesatum
2312 1057 2555 1126 Breve

503 1150 788 1218 assidue
833 1170 964 1215 usu
993 1148 1293 1229 fuerant,
1327 1158 1399 1215 et
1428 1148 1713 1235 quidem
1747 1170 1877 1237 pro
1971 1147 2244 1216 eclesiis
2277 1159 2556 1216 tantum

503 1260 666 1327 quae
716 1237 851 1305 illis
897 1259 1047 1310 usae
1096 1248 1277 1304 sunt.

636 1326 818 1394 Hinc
867 1337 974 1394 est
1018 1326 1231 1432 quod,
1295 1336 1561 1412 praeter
1628 1325 1917 1393 Missale
1985 1326 2411 1407 Romanum,
2488 1337 2561 1394 et

507 1415 638 1483 alia
686 1418 775 1483 ab
823 1417 957 1483 hoc
1006 1416 1287 1484 diversa
1336 1415 1657 1482 adhiberi
1714 1416 1979 1503 passim
2052 1415 2413 1483 cernimus
2488 1417 2558 1483 in

504 1504 820 1572 Ecclesia
865 1504 1133 1585 Latina,
1185 1505 1579 1592 praesertim
1630 1527 1850 1591 penes
1896 1504 2305 1592 Religiosos
2338 1503 2562 1573 Ordi-

508 1617 655 1675 neS,
705 1595 1025 1682 quamvis
1075 1616 1259 1660 nunc
1306 1595 1377 1662 in
1428 1604 1575 1662 toto
1606 1594 1759 1662 fere
1794 1593 2208 1674 Occidente,
2244 1595 2560 1682 antiquis

506 1684 890 1771 repudiatis
937 1682 1258 1770 liturgiiS,
1307 1683 1629 1750 Romana
1660 1694 1929 1750 tantum
1964 1695 2247 1770 recepta
2282 1684 2561 1770 conspi-

507 1774 731 1840 ciatur
782 1775 824 1840 ¹.
871 1771 982 1839 De
1031 1771 1379 1840 Orientali
1432 1771 1750 1840 Ecclesia
1821 1794 1962 1839 non
2033 1772 2416 1861 loquimur,
2492 1784 2563 1842 at

395 1911 402 1916 -
506 1873 696 1929 certe
745 1862 853 2016 adl
881 1861 1068 1928 illam
1119 1883 1255 1928 non
1320 1862 1723 1929 extenditur
1791 1874 2227 1950 praeceptum
2298 1860 2560 1929 Brevis

511 1951 590 2021 S.
640 1951 744 2018 Pii
863 2003 877 2018 .
2480 1971 2493 1980 ·

638 2061 702 2129 5.
747 2039 865 2107 Ad
897 2039 1246 2108 Rubricas
1293 2061 1467 2107 vero
1514 2040 1823 2109 Missalis
1870 2039 2062 2129 quod
2110 2039 2384 2123 attinet,
2437 2063 2560 2109 eas

510 2130 1006 2218 distinguimus
1030 2151 1192 2217 quae
1219 2141 1380 2197 sunt
1402 2141 1600 2197 extra
1627 2142 1857 2198 actum
1889 2130 2155 2210 Missae,
2184 2130 2339 2197 sive
2373 2142 2559 2206 ante,

509 2221 660 2287 sive
685 2231 864 2308 post,
898 2221 986 2287 ab
1011 2219 1146 2313 illis
1171 2241 1332 2307 quae
1358 2232 1585 2286 actum
1613 2221 1857 2287 Missae
1892 2229 2232 2306 spectant.
2267 2218 2560 2287 Priores

511 2330 668 2376 esse
704 2317 835 2395 per
883 2331 956 2374 se
1025 2309 1491 2396 p'raeceptivas
1563 2332 1703 2378 non
1776 2330 2025 2376 omnes
2096 2310 2558 2390 conveniunt,

508 2399 651 2465 imo
684 2396 761 2466 S.
790 2397 1203 2484 Alphonsus
1229 2398 1598 2486 profitetur
1622 2399 2044 2467 sententiam
2070 2396 2140 2464 id
2174 2408 2561 2484 negantem
2596 2472 2601 2477 ,

510 2509 666 2553 eam
714 2508 873 2554 esse
920 2509 1126 2574 quam
1176 2488 1328 2571 ipse
1364 2489 1679 2575 sequitur
1712 2488 1755 2568 ⁹,
1790 2488 2116 2576 quamvis
2175 2487 2313 2553 hoc
2367 2488 2557 2555 idem

512 2598 653 2643 non
733 2576 821 2643 ad
890 2598 1131 2643 omnes
1189 2576 1535 2643 Rubricas
1605 2578 1953 2658 extendat,
2025 2587 2100 2643 ut
2178 2576 2401 2643 relate
2472 2577 2561 2644 ad

511 2687 844 2731 manuum
868 2665 1201 2732 lotionem
1235 2678 1304 2731 et
1335 2666 1425 2733 ad
1459 2688 1709 2752 preces
1742 2666 2081 2734 dicendas
2114 2665 2281 2732 dum
2316 2677 2561 2732 vestes

514 2775 736 2821 sacrae
768 2766 1240 2821 assumuntur.
1287 2754 1729 2822 Posteriores
1774 2754 2123 2822 Rubricas
2171 2776 2335 2821 esse
2378 2776 2561 2842 prae-

515 2844 847 2931 ceptivaS,
896 2844 1012 2911 vel
1057 2842 1184 2910 sub
1223 2844 1458 2931 gravi,
1509 2844 1624 2911 vel
1670 2844 1798 2911 sub
1831 2842 1977 2926 levi,
2015 2866 2394 2915 commune
2426 2855 2561 2911 est.

615 3040 665 3106 1)
703 3038 792 3093 De
819 3038 1080 3109 antiquis
1105 3039 1316 3093 ritibus
1341 3039 1684 3111 vigentibus
1710 3040 1773 3093 in
1797 3040 2083 3095 Ecclesiis
2109 3039 2571 3109 Mediolanensi,

507 3109 778 3180 Hispana
818 3117 877 3164 et
913 3110 1233 3179 Gallicana,
1273 3119 1451 3172 atoue
1492 3112 1566 3165 de
1603 3112 1786 3167 variis
1823 3110 2036 3166 ritibus
2076 3111 2467 3166 orientalibus
2496 3114 2573 3167 cf.

389 3265 393 3269 ῃ
505 3184 752 3255 Lapini.
770 3182 1098 3245 Istituzioni
1120 3181 1465 3251 Liturgiche.
1484 3182 1659 3238 Lezz.
1682 3182 1779 3238 IX
1790 3188 1843 3235 et
1861 3182 2012 3237 XXI
2026 3182 2084 3236 V
2096 3183 2269 3253 (ediz.
2298 3183 2373 3238 ΙΙ.
2407 3185 2571 3254 1895)

608 3254 665 3321 2)
705 3255 767 3310 S.
807 3258 889 3309 Al
935 3258 1196 3311 honsus.
1243 3246 1294 3307 T
1293 3254 1430 3307 heol.
1469 3254 1617 3309 Mor.
1657 3256 1723 3310 L.
1773 3253 1875 3309 VI.
1932 3273 1989 3311 n.
2036 3270 2172 3323 399.
2230 3255 2321 3310 Ita
2387 3255 2573 3309 etiam

503 3328 693 3395 Gury.
741 3324 792 3378 T
790 3324 928 3378 he0.
963 3324 1112 3379 Mor.
1165 3324 1287 3379 Vol.
1323 3324 1408 3379 II.
1446 3343 1500 3379 n.
1539 3341 1672 3394 403,
1710 3332 1770 3380 et
1809 3330 2122 3384 Ballerini
2183 3326 2291 3397 Op.
2373 3325 2565 3381 Theol.

504 3396 654 3451 Mor.
704 3394 828 3452 Vol.
847 3395 960 3451 IV.
988 3413 1042 3450 n.
1068 3414 1102 3449 2
1093 3399 1195 3464 38.
1221 3395 1445 3450 Contra
1468 3414 1613 3451 vero
1641 3397 1876 3468 Ephem.
1905 3397 2131 3469 Liturg.
2160 3399 2319 3466 1890,
2346 3414 2487 3468 pag.
2511 3399 2547 3452 8
