2713 4137
617 238 708 285 DE
753 237 952 286 MODO
998 239 1376 287 RECITANDI
1424 236 1753 290 OFFICIUM
2080 243 2207 314 127

135 362 312 428 sive
359 360 861 449 principaliter,
906 372 986 428 ut
1029 361 1342 449 parochi,
1392 363 1544 430 sive
1576 361 2077 450 dependenter,
2125 374 2203 431 ut

132 450 634 539 vice-parochi
685 463 755 518 et
801 450 1251 538 coadjutores
1299 452 1343 521 ¹.
1392 449 1589 533 Item,
1651 450 1871 519 relate
1932 452 2022 519 ad
2069 452 2201 523 Ec-

129 539 448 607 clesiam
493 538 891 621 Seminarii,
943 538 1152 627 hujus
1199 540 1459 609 alumni
1508 552 1579 607 et
1613 539 2059 628 professores
2110 542 2208 610 ibi

127 640 700 710 commorantes,
748 630 1072 717 quamvis
1118 629 1232 697 isti
1279 628 1445 697 alibi
1491 627 1785 697 Missam
1831 629 2196 698 celebrent

125 730 217 786 et
263 718 508 785 munia
557 738 758 786 sacra
831 730 1177 806 peragant
1223 718 1247 753 ¹
1296 718 1408 805 (cf.
1482 739 1549 787 n.
1595 722 1727 807 29).
1800 718 1888 787 Hi
1928 729 2213 809 ‚autem-

130 828 408 875 omnes
455 806 554 872 uti
587 806 844 874 debent
878 806 1303 878 Calendario
1334 807 1770 891 dioecesano,
1795 805 2209 895 wimer

137 894 419 964 Officia
467 894 725 975 dicere,
820 918 935 964 uae
982 895 1425 984 particularis
1452 894 1800 964 Eeeffiesiae
1827 908 1990 963 sunt
2036 917 2201 984 pro-

143 985 336 1071 pria,
391 1006 495 1051 V.·
508 1006 580 1071 g.
625 918 986 1067 Tittilaris,
1032 985 1283 1056 Sancti
1313 983 1640 1054 habentis
1671 985 2023 1073 insignem
2069 984 2202 1053 Re-

137 1073 470 1162 liquiam,
518 1084 649 1140 etc.

291 1160 546 1231 Ceteri
588 1160 868 1243 Clerici,
920 1178 1151 1253 neque
1197 1163 1443 1244 chor0,
1515 1185 1745 1255 neque
1818 1162 2022 1231 alicui
2068 1162 2201 1231 Ec-

143 1252 428 1323 clesiae.
475 1251 687 1318 modo
744 1272 956 1339 supra
1023 1252 1352 1332 indicato,
1425 1251 1780 1339 adscripti,
1852 1250 2201 1321 Calenda-

141 1341 341 1407 rium
416 1351 688 1407 tantum
760 1340 1238 1410 dioecesanum
1309 1342 1513 1430 sequi
1575 1352 1929 1423 tenentur,
1997 1341 2203 1409 nullis

146 1429 466 1517 adjectis
515 1426 790 1496 Officiis
833 1429 1174 1499 Ecclesiae
1222 1429 1665 1519 particularis
1760 1430 2038 1518 ropriis.

300 1538 456 1605 170.
525 1517 890 1605 Religiosi,
957 1520 1212 1608 quibus
1282 1518 1638 1607 peculiare
1770 1518 2201 1586 alendarium

141 1629 298 1675 non
341 1606 479 1673 fuit
522 1606 886 1689 indultum,
935 1608 1134 1696 sequi
1183 1608 1447 1686 debent
1481 1606 1980 1678 Calendarium
2013 1606 2202 1676 Dioe·

141 1696 344 1763 cesis
392 1696 464 1762 in
499 1717 637 1782 qua
671 1696 960 1783 degunt,
996 1718 1138 1764 non
1173 1718 1380 1766 secus
1412 1718 1496 1765 ac
1528 1696 1788 1768 Clerici
1819 1695 2203 1764 saeculares

147 1785 322 1865 loci,
372 1785 689 1872 exceptis
736 1795 969 1853 tamen
1040 1784 1338 1869 Officiis,
1386 1807 1548 1875 quae
1617 1784 1833 1855 Clero
1880 1784 2202 1852 saeculari

141 1885 432 1943 tantum
478 1872 766 1941 fuerunt
811 1873 1100 1943 indulta.
1145 1874 1249 1943 Illi
1298 1897 1476 1944 vero
1522 1873 1642 1964 qui
1676 1874 2039 1963 proprium
2073 1872 2201 1944 Ca—

255 2038 314 2108 1)
349 2034 415 2092 S.
451 2035 526 2092 R.
563 2035 628 2093 C.
667 2051 700 2107 7
738 2034 884 2092 Dec.
923 2035 1079 2108 1844,
1133 2052 1194 2092 n.
1245 2036 1407 2108 2872,
1450 2034 1529 2122 ad
1582 2034 1630 2093 1.
1652 2051 1671 2104 3
1730 2051 1793 2092 11
1856 2034 2015 2108 Aug.
2055 2034 2211 2106 1877,

136 2105 1723 2262 ἣοῆεέῆξιιὲιῗὲξὲἐεξίῐῇῑᾊξῑὲεεξιὲξῖειςῑξῖν
1745 2105 2213 2250 aresi-..a

175 2251 456 2307 uioribus
492 2265 762 2304 excussis
799 2256 861 2304 et
898 2249 1226 2321 exphcanS,
1267 2249 1684 2306 deducendum
1718 2249 1958 2306 videtur
1996 2265 2208 2304 omnes

129 2269 280 2378 ithos
317 2321 586 2376 Clericos
622 2320 793 2375 alicui
832 2320 1118 2376 Ecclesiae
1153 2318 1241 2376 ita
1276 2321 1615 2393 adscriptos
1670 2321 1895 2388 haberi,
1931 2327 1998 2374 ut
2033 2318 2210 2389 hujus

131 2391 529 2465 particularia
565 2391 783 2447 Officia
817 2391 1165 2462 persolvere
1202 2399 1539 2462 teneantur,
1577 2392 1679 2464 qui
1716 2407 1752 2447 a
1776 2407 1885 2446 suo
1911 2390 2209 2461 Episcopo

137 2463 402 2521 servitio
440 2462 616 2518 dictae
655 2462 941 2519 Ecclesiae
980 2462 1359 2533 deputantur,
1414 2463 1567 2519 adeo
1612 2469 1677 2517 ut
1730 2463 1849 2534 ipsi
1909 2470 2213 2532 nequeant

135 2552 259 2592 sua
293 2534 605 2590 voluntate
643 2533 836 2589 locum
876 2534 1173 2604 deserere,
1211 2533 1321 2590 sed
1356 2533 1579 2588 ibidem
1616 2549 1791 2589 sacra
1826 2535 2045 2600 munia,
2070 2549 2128 2588 v.
2155 2550 2212 2603 g.

135 2607 401 2662 Missam
458 2605 778 2674 celebrare,
840 2603 1270 2661 confessiones
1332 2605 1557 2675 audire,
1614 2611 1746 2673 etc„
1807 2603 2108 2674 expleant,
2152 2603 2215 2659 vi

141 2677 580 2748 adscriptionis
618 2692 655 2731 a
691 2675 1012 2746 Superiore
1049 2674 1244 2733 factae.
1280 2675 1356 2732 Et
1390 2675 1505 2731 hoc
1542 2676 1800 2731 maxime
1858 2689 1935 2730 ex
1970 2690 2045 2728 eo
2079 2691 2218 2744 pro-

138 2751 344 2813 batur,
385 2746 562 2818 quod,
599 2763 779 2817 quum
816 2746 997 2802 iidem
1033 2745 1248 2802 Clerici
1286 2753 1606 2802 teneantur
1660 2745 1925 2818 quotidie
1966 2744 2212 2800 Missam

141 2819 461 2875 celebrare
489 2819 661 2890 juxta
698 2817 1114 2873 Calendarium
1163 2817 1451 2874 Ecclesiae
1505 2819 1569 2873 in
1623 2834 1740 2889 qua
1783 2816 2105 2882 celebrant,
2153 2824 2215 2870 et

141 2891 394 2962 quidem
432 2907 553 2945 non
581 2897 689 2962 per
723 2889 999 2958 accidens,
1038 2897 1103 2942 ut
1142 2888 1398 2945 advenae
1452 2889 1693 2944 cuilibet
1744 2886 2052 2958 contingit,
2104 2886 2213 2942 sed

139 2973 250 3035 per
271 2978 350 3030 se,
373 2961 458 3017 illi
485 2961 646 3016 enim
672 2960 956 3017 Ecclesiae
984 2967 1124 3015 sunt
1142 2960 1265 3046 ipsi
1303 2959 1542 3026 addicti,
1566 2959 1703 3016 ideo
1740 2966 2213 3040 consentaneum

139 3033 389 3089 videtur
424 3048 533 3087 eos
570 3034 764 3088 teneri
801 3046 1038 3103 quoque
1073 3030 1809 3102 recitationi‚0fficiorum,
1848 3047 1985 3103 quae
2020 3046 2083 3083 m
2120 3044 2217 3083 eo·

142 3104 288 3160 dem
325 3102 678 3160 calendario
714 3103 1120 3160 inveniuntur.
1157 3133 1230 3144 —-
1263 3102 1355 3159 Cf.
1392 3102 1628 3174 Ephem.
1653 3103 1878 3174 Liturg.
1916 3119 2015 3159 an.
2039 3115 2214 3170 1904,

137 3184 290 3250 pag.
323 3189 447 3244 339
494 3191 555 3230 se
599 3190 686 3247 q.;
737 3173 848 3230 sed
897 3180 1109 3230 contra
1155 3173 1332 3230 Card.
1372 3176 1657 3232 Gemitu-i
1706 3171 2036 3242 Consultaz.
2074 3170 2221 3230 Can.

154 3247 299 3304 Can.
337 3246 489 3302 Mor.
583 3248 642 3302 it.
692 3245 817 3300 Vol.
857 3243 941 3302 II.
978 3243 1048 3302 P.
1085 3243 1206 3302 ΙΙΙ.
1249 3243 1419 3302 Cons.
1452 3243 1657 3301 XLII.

254 3318 317 3389 2)
350 3315 414 3373 S.
449 3316 524 3374 R.
559 3315 628 3374 C.
659 3333 732 3389 27
770 3315 944 3373 Febr.
983 3317 1140 3388 1847,
1180 3334 1238 3374 n.
1271 3332 1434 3387 2939,
1474 3314 1550 3371 ad
1588 3311 1688 3370 111.
1707 3329 1726 3383 ;
1760 3329 1796 3388 7
1851 3313 2021 3388 Sept.
2058 3313 2215 3386 1850,

151 3407 214 3446 n.
246 3389 412 3460 2980,
447 3387 526 3445 ad
563 3387 592 3446 1
625 3395 690 3444 et
726 3385 800 3473 11.
821 3404 852 3460 3·
875 3387 951 3444 28
984 3385 1154 3460 Sept.
1193 3387 1354 3460 1872,
1392 3403 1451 3444 n.
1486 3402 1648 3458 3279,
1688 3385 1765 3442 ad
1800 3385 1829 3444 1
1854 3393 1929 3452 ‚et
1965 3385 2041 3443 11.
