2713 4137
482 201 570 267 34
647 199 736 244 DE
783 199 866 245 115
913 198 1072 258 QUAE
1121 198 1336 245 MISSAE
1372 197 1675 246 .CELEBR.
1712 199 2377 257 PRAEREQUIRUNTUR

614 319 927 398 Planeta,
977 341 1102 386 seu
1148 317 1411 398 casula,
1446 318 1615 385 olim
1646 329 1874 385 totum
1907 321 2556 389 circumambiebat

480 430 761 498 corpuS,
813 432 852 476 a
906 408 1248 477 lateribus
1282 429 1499 494 super
1534 408 1825 475 brachia
1857 409 2182 495 plicanda
2213 420 2554 498 tempore

478 497 825 569 Sacrificii
878 498 921 566 ¹.
969 497 1154 564 Dein
1206 497 1518 565 resecari
1588 508 1660 563 et
1728 498 2133 565 abbreviari
2181 500 2425 586 coepit,
2478 511 2554 566 et

481 591 708 656 serius
756 587 844 654 ad
892 597 1323 674 praesentem
1376 586 1606 673 redigi
1654 585 1983 654 formam.
2032 587 2193 654 Mos
2242 589 2549 674 quidem

475 690 586 746 est
629 677 814 765 apud
860 676 1071 743 Italos
1121 673 1427 761 planetae
1476 687 1768 742 ornatus
1838 677 1935 743 ita
1983 696 2421 764 componere
2468 689 2549 744 ut

473 769 704 837 crucis
748 766 1050 832 formam
1099 764 1481 830 exhibeant
1527 765 1597 831 in
1655 775 1856 852 parte
1905 766 2245 832 anteriori
2272 789 2289 846 ;
2341 767 2539 848 alibi,

471 858 587 926 vel
630 859 700 924 in
749 854 1148 943 posteriori,
1196 853 1314 919 vel
1359 853 1429 918 in
1478 864 1778 942 utraque
1826 865 2049 941 parte.

607 945 958 1030 Quaeres:
1011 942 1297 1028 Quanta
1346 943 1438 1008 sit
1482 942 1826 1030 obligatio
1874 964 2117 1010 sacras
2186 943 2539 1012 induendi

471 1047 710 1102 vestes
757 1035 846 1101 ad
897 1031 1399 1100 celebrandam
1446 1031 1743 1098 Missam
1776 1032 1811 1099 ’.Ρ
1855 1032 2118 1120 Resp.:
2164 1031 2340 1101 Sine
2393 1033 2536 1100 ulla

469 1136 668 1191 veste
719 1144 918 1190 sacra
966 1121 1331 1188 celebrare
1381 1120 1552 1188 nulli
1599 1122 1785 1202 licet,
1836 1122 1968 1188 nisi
2016 1122 2201 1188 forte
2275 1135 2537 1210 agatur

471 1214 560 1281 de
609 1223 832 1278 morte
878 1210 1167 1278 vitanda
1218 1221 1288 1276 et
1335 1209 1722 1278 celebratio
1770 1211 1997 1278 omitti
2066 1233 2205 1277 non
2277 1213 2535 1299 possit.

469 1301 709 1371 Grave
736 1312 845 1367 est
868 1302 1215 1380 omittere,
1251 1310 1452 1366 extra
1477 1301 1978 1386 gravissimam
2004 1301 2533 1384 necessitatem,

466 1390 718 1469 albam,
769 1389 883 1456 vel
933 1388 1263 1470 casulam,
1314 1400 1385 1455 et
1433 1399 1634 1455 extra
1677 1391 2174 1457 necessitatem
2200 1412 2528 1475 gravem,

466 1479 739 1560 stolam,
771 1477 886 1545 vel
933 1476 1387 1564 manipulum.
1414 1477 1608 1546 Leve
1655 1489 1765 1544 est
1798 1479 2125 1545 omittere
2160 1479 2527 1561 amictum,

471 1567 583 1634 vel
633 1566 997 1654 cingulum
1046 1566 1092 1635 ².

592 1679 701 1743 40.
747 1656 970 1727 Sacra
1018 1666 1423 1742 paramenta
1459 1657 1721 1724 debent
1754 1678 1915 1723 esse
1948 1657 2193 1737 serica,
2228 1657 2525 1726 exclusa

459 1747 711 1836 quavis
759 1745 893 1813 alia
942 1744 1252 1824 materia,
1305 1766 1431 1810 seu
1479 1745 1643 1825 lino,
1692 1747 2055 1832 gossypi0,
2122 1747 2305 1826 lana,
2378 1770 2521 1814 non

460 1837 786 1903 obstante
839 1833 1180 1901 Ecclesiae
1213 1845 1627 1920 paupertate
1661 1834 1777 1901 vel
1824 1836 2181 1902 contraria
2230 1858 2523 1904 consue-

463 1925 729 1992 tudine.
779 1924 822 1990 ⁸.
858 1923 978 1991 Ob
1027 1921 1540 2010 pretiositatem
1565 1924 2070 2010 permittuntur
2096 1938 2522 2012 paramenta
2613 2002 2619 2006 ,

457 2035 632 2083 auro
680 2023 1007 2080 contexta
1053 2010 1168 2079 vel
1213 2022 1535 2098 argento,
1583 2034 1723 2079 non
1769 2034 1945 2080 vero
1992 2013 2371 2089 filamentis
2414 2016 2521 2082 vi-
2558 2048 2563 2052 ·

453 2105 646 2185 treiS,
695 2124 857 2189 quae
887 2101 1040 2168 auri
1072 2100 1189 2167 vel
1219 2102 1501 2187 argenti
1550 2102 2079 2181 similitudinem
2113 2103 2434 2171 referunt
2470 2106 2519 2172 ⁴.

453 2192 646 2273 Item,
681 2201 947 2258 attenta
969 2189 1451 2257 Ecclesiarum
1483 2202 1918 2279 paupertate,
1956 2192 2243 2260 tolerari
2277 2206 2519 2281 potest

454 2281 621 2348 illud
671 2280 878 2367 panni
928 2300 1178 2365 genuS,
1213 2281 1406 2369 quod
1440 2301 1529 2347 ex
1560 2291 1760 2367 parte
1795 2282 2146 2367 superiori
2180 2293 2253 2349 et
2284 2284 2515 2351 oculis

452 2369 869 2437 intuentium
920 2379 1306 2455 apparente
1354 2390 1445 2435 ex
1489 2369 1607 2436 filo
1659 2370 1887 2437 serico
1946 2371 2223 2457 integre
2272 2385 2515 2441 conte-

451 2460 662 2546 gitur,
712 2458 927 2525 habet
969 2466 1205 2524 tamen
1253 2458 1491 2543 operis
1554 2458 1817 2525 textilis
1886 2458 2373 2528 fulcimentum
2421 2484 2514 2529 ex

547 2655 598 2720 1)
639 2653 817 2708 Ritus
875 2651 1219 2706 Orientales
1258 2650 1435 2721 hujus
1482 2652 1695 2707 formae
1744 2660 1954 2709 vestes
1994 2654 2189 2711 adhuc
2245 2662 2522 2714 servant.

543 2726 600 2793 2)
641 2724 730 2779 Cf.
766 2727 1188 2781 D'Annibale.
1243 2722 1556 2778 Summula
1617 2723 1723 2779 Th.
1778 2724 1931 2781 Mor.
1988 2725 2057 2781 P.
2094 2726 2216 2784 III.
2265 2744 2322 2782 n.
2377 2745 2519 2797 401.

441 2795 564 2851 Alii
601 2802 805 2851 tamen
841 2799 1073 2864 ponunt
1111 2793 1479 2863 manipulum
1514 2793 1678 2849 inter
1712 2812 1813 2851 res
1852 2796 2134 2865 minoreS,
2162 2814 2415 2869 quarum
2453 2818 2521 2854 o-

436 2865 644 2921 missio
681 2865 834 2921 levis
873 2871 986 2920 est.
1025 2863 1114 2920 Cf.
1167 2868 1259 2922 De
1294 2868 1523 2924 Herdt.
1559 2866 1623 2921 S.
1662 2866 1776 2923 Lit.
1812 2865 2051 2924 Praxi&
2088 2868 2155 2925 T.
2197 2869 2250 2926 I.
2279 2887 2337 2927 n.
2376 2871 2514 2940 164.

437 2936 808 2993 Gravissima
830 2936 1166 2991 necessitas
1191 2942 1287 2991 est
1312 2937 1642 3006 periculum
1666 2938 1930 3008 propriae
1948 2940 2051 2995 vel
2069 2939 2317 2995 alterius
2336 2942 2513 3011 vitae;

437 3009 640 3079 gravis
689 3015 785 3063 est
834 3007 886 3062 si
934 3005 1236 3061 Viaticum
1287 3008 1377 3066 sit,
1424 3008 1831 3077 deferendum,
1868 3010 1970 3065 vel
2006 3018 2379 3083 praeceptum
2420 3030 2515 3069 ur-

435 3088 574 3151 geat
594 3078 875 3135 audiendi
895 3078 1162 3133 Missam.
1181 3078 1342 3133 Loco
1364 3080 1539 3133 stolae
1562 3078 1899 3143 deficientis
1918 3088 2131 3151 posset
2148 3084 2513 3153 manipulus,

440 3153 488 3205 si
530 3152 631 3205 lon
673 3152 766 3206 ior
802 3150 898 3215 sit,
939 3150 1228 3206 adhiberi.

537 3227 594 3291 3)
682 3264 695 3277 .
731 3222 804 3276 R.
841 3221 905 3275 C.
941 3238 1013 3290 23
1050 3220 1219 3291 Sept.
1280 3222 1439 3291 1837,
1479 3239 1537 3277 n.
1573 3224 1739 3293 2769,
1780 3222 1856 3279 ad
1892 3222 1968 3279 V.
1980 3240 1995 3291 3
2033 3240 2104 3294 23
2131 3223 2297 3294 Junii
2346 3227 2513 3295 1892,

436 3312 491 3348 n·
529 3309 692 3437 {3731
729 3294 816 3420 {d
839 3292 904 3419 (13.
943 3366 1016 3419 28
1053 3368 1203 3433 Apr.
1244 3363 1398 3427 1866,
1442 3382 1499 3420 n.
1536 3380 1677 3437 3145
1699 3382 1714 3433 ;
1756 3382 1819 3421 11
1861 3365 2030 3435 Sept.
2069 3367 2207 3438 1847
2246 3384 2305 3423 n.
2341 3386 2513 3441 2949.
