2713 4137
504 277 592 342 42
668 275 758 322 DE
803 274 887 320 115
933 274 1088 352 QUAE
1135 271 1352 321 MISSAE
1402 273 1691 321 CELEBR.
1726 273 2399 331 PRAEREQUIRUNTUR
2520 337 2525 340 Ι

505 394 810 482 quidem,
846 395 1056 461 etiam
1091 394 1180 461 de
1212 393 1490 462 licentia
1521 392 1853 481 Episcopi
1890 395 1907 424 ¹
1926 416 1943 474 ;
1980 394 2107 461 sed
2140 394 2229 460 iis
2261 405 2558 476 tantum,

506 484 762 570 quibus
785 505 958 550 vasa
991 505 1193 551 sacra
1227 484 1389 550 licet
1424 505 1513 550 ex
1546 482 1777 550 officio
1809 495 2107 570 tangere
2141 497 2213 550 et
2246 482 2561 564 abluere,

504 593 632 640 seu
680 573 1072 639 constitutis
1120 573 1191 638 in
1242 573 1465 639 sacris
1515 571 1562 639 ².

1330 878 1607 950 CAPUT
1670 881 1749 950 V.

615 1059 749 1140 De
805 1059 1222 1141 Ministro
1278 1060 1372 1139 in
1433 1057 2065 1139 celebratione
2123 1057 2446 1140 Missae

632 1293 744 1358 47.
791 1270 1094 1338 Nomine
1142 1271 1446 1337 ministri
1493 1271 1740 1337 venire
1789 1271 1904 1337 hic
1952 1280 2187 1356 potest
2234 1280 2384 1335 tum
2444 1268 2562 1335 ille

501 1361 622 1448 qui
668 1359 962 1427 Missam
1011 1359 1341 1442 celebrat,
1392 1369 1540 1426 tum
1585 1360 1700 1427 ille
1734 1360 1854 1447 qui
1889 1359 2051 1426 huic
2084 1358 2557 1439 administrat,

505 1470 630 1516 seu
685 1449 1106 1515 inserviens,
1140 1448 1250 1515 De
1298 1460 1603 1537 utroque
1652 1448 1971 1515 dicimus.

636 1538 963 1605 Minister
991 1536 1335 1606 Sacrificii
1368 1536 1611 1604 Missae
1643 1537 1903 1625 duplex
1935 1548 2066 1615 est,
2099 1537 2279 1603 alter
2305 1536 2565 1622 prima-

506 1627 650 1693 rius
684 1637 757 1693 et
799 1627 1191 1708 invisibilis,
1241 1626 1418 1693 alter
1450 1626 1909 1694 secundarius
1957 1637 2029 1692 et
2080 1625 2404 1692 visibilis.
2438 1624 2560 1691 Ille

392 1723 395 1726 ’
504 1727 611 1783 est
637 1715 967 1784 Christus
996 1744 1027 1776 ιι
1047 1715 1408 1786 Sacerdos
1432 1717 1502 1782 in
1529 1726 1875 1782 aeternum
1906 1744 1963 1796 n,
1981 1715 2102 1802 qui
2132 1743 2161 1774 ιι
2194 1714 2562 1801 sempiter-

503 1827 673 1872 num
698 1806 912 1873 habet
935 1804 1431 1873 Sacerdotium
1459 1805 1481 1836 ⁸
1513 1834 1569 1886 n,
1601 1834 1631 1865 ιι
1662 1805 1849 1872 idem
1875 1826 2060 1871 nunc
2087 1803 2401 1870 offerens
2429 1801 2563 1870 Sa-

485 1895 872 1962 cerdotum
919 1895 1328 1976 ministeriO,
1376 1894 1497 1982 qui
1545 1894 1857 1980 seipsum
1890 1905 2054 1960 tunc
2085 1894 2157 1960 in
2185 1914 2401 1980 cruce
2436 1894 2561 1959 ob-

503 1984 658 2051 tulit
705 1983 751 2051 4.
804 2013 834 2044 n
886 1982 1068 2050 Dein
1116 1995 1281 2049 sunt
1323 1981 1776 2064 SacerdoteS,
1824 1983 1943 2071 qui
1987 1992 2337 2071 potestate
2372 1982 2560 2048 sacri

505 2072 797 2140 Ordinis
830 2074 900 2140 in
935 2095 1013 2139 se
1062 2096 1190 2160 per
1219 2074 1618 2160 Apostolos.
1643 2073 1980 2154 derivata,
2000 2072 2303 2140 Christi
2333 2071 2558 2157 ipsius

504 2184 884 2249 personam
938 2173 1218 2247 gerunt,
1289 2172 1362 2229 et
1427 2164 1497 2229 in
1568 2161 1739 2249 Ejus
1809 2161 2565 2228 commemorationem

504 2272 675 2318 vere
724 2261 794 2317 et
837 2251 1120 2319 realiter
1168 2250 1478 2318 offerunt
1547 2261 1617 2317 et
1686 2251 2084 2317 sacrificant
2152 2248 2441 2336 Corpus
2488 2260 2562 2315 et

505 2339 941 2425 Sanguinem
988 2340 1208 2426 ipsius
1258 2342 1304 2407 ⁶.

637 2427 930 2496 Frustra
975 2429 1191 2515 igitur
1235 2428 1679 2499 Sacrificium
1750 2428 2071 2495 invenire
2141 2427 2417 2505 datum,
2448 2439 2564 2493 est

506 2539 726 2606 penes
774 2516 950 2599 illos,
997 2519 1119 2606 qui
1166 2542 1207 2584 a
1255 2516 1601 2585 catholica
1645 2516 1783 2583 fide
1820 2517 2275 2585 desciverunt
2324 2527 2414 2596 et,
2466 2518 2568 2583 ob

505 2617 842 2673 mutatam
876 2607 1424 2674 substantialiter
1448 2627 1672 2673 sacrae
1708 2604 2199 2673 Ordinationis
2230 2604 2559 2687 formam,

608 2808 660 2871 1)
699 2802 760 2857 S.
799 2804 872 2859 R.
911 2803 976 2859 C.
1016 2821 1083 2858 12
1121 2804 1288 2873 Sept.
1330 2807 1486 2875 1857,
1526 2822 1585 2861 n.
1622 2822 1785 2875 3059,
1825 2806 1901 2859 ad
1937 2804 2160 2860 XXVI.

601 2878 658 2945 2)
697 2873 786 2931 Cf.
826 2874 1098 2949 Pontific.
1136 2876 1307 2931 Rom.
1347 2876 1437 2930 De
1509 2876 1777 2933 Ordinat.
1815 2877 2083 2932 Subdiac.
2121 2876 2296 2945 Quod
2336 2883 2400 2931 et
2439 2876 2570 2932 Cle-

495 2946 638 3000 ricis
694 2951 925 3000 tantum
975 2947 1302 3001 tonsuratis
1364 2946 1542 3001 liceat
1602 2948 1912 3018 probabile
1964 2954 2073 3017 est,
2137 2950 2274 3017 im0,
2314 2948 2368 3003 si
2400 2947 2572 3017 justa

499 3017 691 3072 subsit
729 3033 924 3085 causa,
964 3018 1144 3071 etiam
1180 3017 1366 3073 laicis,
1404 3018 1583 3088 Aqua
1619 3025 1824 3074 tamen
1862 3018 2181 3075 ablutionis
2222 3021 2581 3075 necessan'o

496 3088 561 3215 {1
599 3089 935 3215 εέτιΙτεῑίιιῐῐὲ
962 3096 1056 3144 est
1091 3088 1480 3159 projicienda.
1522 3089 1609 3145 Cf.
1637 3092 1703 3147 S.
1741 3095 2139 3163 Alphonsus.
2183 3090 2237 3145 T
2234 3090 2375 3146 heol.
2415 3092 2582 3148 Mor-

555 3202 569 3216 .
716 3202 728 3213 .
766 3177 826 3216 n.
850 3177 894 3229 3
940 3176 992 3230 7.

605 3231 664 3301 3)
699 3231 878 3356 {pist
916 3231 998 3285 ad
1017 3230 1210 3315 ‘Heba
1260 3230 1399 3287 VII.
1437 3248 1527 3301 17,
1568 3247 1662 3301 24.

605 3305 661 3371 4)
748 3318 873 3356 onc.
919 3302 972 3356 T
969 3302 1080 3356 red.
1118 3302 1272 3358 Ses8.
1308 3300 1513 3358 XXII.
1556 3310 1678 3373 cap.
1718 3301 1805 3358 II.

606 3374 662 3443 5)
717 3370 825 3427 Cf.
861 3373 1020 3426 inter
1075 3372 1415 3444 Theologos
1467 3374 1538 3430 cl.
1574 3377 1834 3432 Hurter.
1879 3373 1933 3428 T
1930 3373 2071 3430 heol.
2111 3374 2330 3446 Dogm.
2372 3374 2585 3447 Comp-

509 3442 673 3498 Tom.
726 3442 846 3499 III.
889 3443 1053 3498 Thes.
1103 3442 1523 3501 CCXXXVII.
2350 3487 2354 3493 -
