2713 4137
521 232 608 317 78
993 251 1081 295 m:
1129 249 1369 297 Divino
1418 249 1692 297 ornicio
1740 250 1811 296 m
1860 250 2097 297 sPEcnz

506 369 1070 457 Chrysostomus
1123 371 1139 403 ¹
1192 382 1264 437 et
1322 370 1530 437 solem
1602 392 1851 437 novum
1921 370 2141 457 vulgo
2212 368 2571 457 appellari

509 461 897 526 testabatur
944 457 1020 527 S.
1067 458 1497 527 Ambrosius
1547 459 1591 527 ².
1644 458 1856 540 Olim,
1907 483 1947 526 a
2018 459 2404 526 Nativitate
2474 458 2572 525 ad

505 548 986 636 Epiphaniam,
1038 570 1077 613 a
1128 549 1504 616 servilibus
1576 550 1911 636 operibus
1983 570 2277 635 prorsus
2348 548 2572 615 absti-

507 638 763 704 nebant
807 636 1076 703 fideleS.

639 725 767 792 Est
836 725 1054 811 igitur
1124 726 1260 792 hoc
1333 748 1549 792 unum
1620 748 1660 793 e
1730 725 2276 793 solemnioribus
2348 723 2565 791 festis

507 816 864 881 universae
890 813 1456 903 Ecclesiae,quod
1485 815 1736 882 colitur
1761 816 1899 882 ritu
1916 814 2190 901 Duplici
2207 812 2257 881 I.
2284 812 2564 893 classis,

507 926 664 971 cum
714 916 984 981 octava,
1035 916 1104 969 et
1150 904 1310 970 ideo
1363 904 1527 970 nulli
1576 903 1760 970 festo
1811 904 2019 983 cedit,
2070 905 2222 970 sive
2294 904 2363 969 in
2437 923 2563 968 oc-

506 993 876 1073 currentia,
927 992 1078 1058 sive
1129 992 1198 1057 in
1249 994 1737 1060 concurrentia
1806 992 1919 1077 (cf.
1992 1015 2059 1059 n.
2106 992 2349 1079 48,72),
2403 990 2567 1057 nul-

507 1082 787 1169 lamque
843 1080 1143 1147 admittit
1197 1084 1959 1159 commemorationem,
2018 1082 2145 1147 nisi
2211 1082 2300 1147 de
2364 1079 2561 1145 festo

512 1170 832 1257 sequenti
879 1170 946 1235 in
995 1171 1326 1237 secundis
1375 1168 1715 1257 Vesperis
1761 1170 1871 1256 (cf.
1922 1189 1985 1237 n.
2035 1170 2163 1257 78).

613 1258 780 1327 Ubi
830 1256 1159 1325 Officium
1211 1258 1421 1345 hujus
1466 1259 1628 1325 festi
1665 1260 2073 1326 solemniter
2104 1256 2561 1345 persolvitur,

510 1358 588 1413 ut
632 1349 702 1413 in
751 1345 1086 1413 Ecclesiis
1136 1346 1703 1427 CathedralibuS,
1739 1359 1986 1414 cantus
2020 1346 2341 1414 Matutini
2378 1366 2563 1433 prae-

509 1436 694 1503 cedit
741 1436 1037 1523 primam
1087 1458 1174 1503 ex
1223 1439 1448 1503 tribus
1496 1433 1755 1516 MissiS,
1803 1458 1965 1523 quae
2040 1436 2270 1503 media
2343 1445 2563 1501 nocte

509 1525 946 1604 celebratur;
977 1537 1134 1611 post
1168 1548 1401 1612 quam,
1428 1525 1708 1593 Laudes
1735 1528 1966 1593 statim
2001 1536 2164 1591 sunt
2191 1523 2560 1591 canendae.

647 1634 796 1679 100.
849 1612 1108 1681 Octava
1155 1614 1566 1681 Natzvitatis
1614 1625 1722 1681 est
1769 1636 1905 1680 una
1941 1636 2029 1680 ex
2064 1614 2374 1702 quinque
2407 1613 2557 1698 pri-

510 1702 863 1789 vilegiatis
894 1701 1006 1785 (cf.
1043 1725 1106 1770 n.
1139 1706 1272 1790 34).
1305 1702 1776 1769 Nihilominus
1805 1703 1983 1769 infra
2016 1724 2174 1769 eam
2206 1702 2284 1768 fit
2316 1702 2405 1769 de
2439 1722 2563 1767 oc-

509 1803 834 1858 currente
883 1789 1138 1858 Officio
1209 1792 1689 1879 Semiduplici,
1743 1791 1853 1859 vel
1926 1792 2013 1859 de
2062 1790 2343 1879 Duplici
2400 1790 2560 1855 sive

509 1893 946 1959 occurrente,
998 1880 1149 1947 sive
1197 1880 1537 1947 translato
1570 1880 1684 1965 (cf.
1717 1903 1781 1947 n.
1812 1882 1945 1965 61),
1983 1894 2055 1947 et
2082 1881 2141 1947 si
2176 1881 2264 1947 de
2299 1878 2558 1947 eadem

451 2016 454 2019 -
511 1981 760 2035 octava
811 1990 947 2035 non
994 1968 1070 2035 fit
1147 1968 1502 2051 Officium,
1575 1971 1727 2056 ipsa
1773 1982 2011 2036 tamen
2086 1970 2193 2035 sui
2250 1988 2559 2035 comme-

512 2058 975 2126 morationem
1023 2081 1304 2146 semper
1351 2059 1592 2146 exigit.

640 2147 722 2214 -ld
770 2160 1002 2214 autem
1052 2149 1412 2234 singulare
1463 2150 1695 2228 habet,
1745 2149 1937 2236 quod
1984 2147 2236 2234 quavis
2272 2147 2389 2214 die
2421 2143 2559 2212 Ve-

514 2257 768 2322 sperae,
816 2257 1038 2324 usque
1111 2239 1198 2304 ad
1261 2239 1663 2322 capitulum,
1736 2249 1897 2304 sunt
1967 2238 2057 2303 de
2127 2235 2563 2313 Nativitate;

514 2325 868 2410 deincepS,
949 2336 1107 2391 sunt
1183 2326 1270 2393 de
1335 2325 1595 2393 Officio
1668 2337 2103 2404 occurrente,
2152 2323 2565 2411 antiphonis

512 2413 796 2499 quidem
845 2414 1233 2501 duplicatis,
1284 2415 1398 2482 vel
1446 2437 1607 2494 non,
1651 2414 1852 2501 juxta
1917 2416 2126 2480 ritum
2191 2413 2563 2500 proprium

516 2503 680 2568 dicti
735 2500 967 2569 Officii
1017 2505 1476 2571 occurrentis

646 2590 786 2656 Per
831 2603 1046 2658 totam
1097 2606 1439 2672 octavam,
1490 2593 1557 2658 in
1612 2593 1897 2678 hymnis
1961 2601 2343 2678 usurpatur
2394 2611 2563 2657 con-

513 2679 733 2746 clusio
781 2683 1085 2766 propria,
1137 2704 1296 2768 quae
1348 2693 1456 2748 est
1484 2706 1499 2748 :
1518 2682 1716 2764 Jesu,
1750 2680 1875 2747 tibi
1898 2682 1994 2747 sit
2016 2679 2251 2769 gloria
2298 2719 2389 2728 —-
2422 2678 2573 2764 Qui

512 2777 718 2835 natus
764 2791 835 2834 es
881 2769 963 2836 de
1021 2771 1320 2858 Virgine,
1371 2782 1501 2836 etc,
1552 2770 1665 2856 (cf.
1715 2793 1782 2836 n.
1830 2775 1962 2851 20).

650 2880 795 2924 101.
844 2858 918 2924 In
969 2859 1155 2926 diem
1204 2869 1527 2926 octavam
1577 2859 1978 2925 Nativitatis
2012 2858 2254 2924 incidit
2280 2856 2564 2944 festum

515 2943 1062 3014 Circumczsz‘onz's
1112 2947 1411 3029 Domini,
1487 2949 1677 3034 quod
1749 2947 2067 3014 Ecclesia
2115 2947 2563 3034 potissimum

616 3126 666 3192 1)
715 3128 778 3180 S.
817 3129 920 3192 Jo.
961 3128 1493 3198 chrysostomus.
1531 3124 1752 3180 Homil.
1790 3125 1935 3181 XII.

616 3200 675 3263 2)
717 3199 762 3250 S
827 3203 1233 3255 Ambrosius
1269 3198 1456 3253 Serm.
1504 3197 1678 3253 XVI.
1716 3197 2007 3251 Attamen
2056 3213 2178 3249 non
2216 3200 2459 3250 constat
2497 3195 2575 3249 fe-

516 3273 674 3320 stum
711 3267 937 3322 Natalis
962 3268 1200 3322 Domini
1227 3270 1565 3324 institutum
1590 3269 1777 3324 fuisse
1804 3277 2125 3338 antequam
2152 3267 2573 3322 absolveretur

510 3353 708 3392 aevum
746 3339 1153 3408 apostolicum,
1195 3340 1423 3394 scilicet
1464 3348 1602 3394 ante
1658 3339 1943 3394 saeculum
2008 3337 2105 3394 III.
2169 3338 2257 3393 Cf.
2320 3341 2572 3410 Lapini.

509 3407 734 3464 Istituz.
773 3410 998 3481 Liturg.
1038 3410 1172 3467 Lez.
1212 3409 1470 3466 XXXV.
