2713 4137
455 215 502 280 4
1052 217 1142 262 DE
1189 217 1571 265 BREVIARIO
1620 218 1915 265 ROMANO

589 334 800 403 Ratio
847 347 1082 404 autem
1132 338 1435 406 nominis
1482 338 1647 406 inde
1694 339 2081 425 repetenda
2131 350 2259 420 est,
2305 341 2525 427 quod

450 421 894 492 Breviarium
927 425 1018 491 sit
1061 423 1257 492 breve
1307 426 1620 494 orarium
1669 428 1780 512 (ab
1803 430 2048 513 orare),
2081 427 2196 494 vel
2228 450 2339 494 res
2376 427 2517 495 ab-

454 511 780 595 breviata,
829 534 957 580 seu
1029 516 1521 602 compendium
1595 537 1863 596 eorum,
1911 537 2074 604 quae
2132 517 2201 583 in
2274 519 2521 586 sacris

449 600 735 669 Litteris
784 603 1149 690 utriusque
1204 604 1628 685 testamenti,
1662 605 1732 671 in
1782 604 1897 675 Ss.
1932 605 2220 672 Patrum
2254 628 2509 673 monu-

447 692 705 758 mentis
761 704 831 758 et
907 692 1084 774 actis
1136 690 1562 761 Sanctorum
1636 693 2107 775 continentur,
2180 716 2507 781 quaeque

448 781 720 848 orando
762 780 1073 866 ¹legimus
1125 781 1168 848 ¹.

1279 981 1551 1053 CAPUT
1600 982 1678 1053 11.

642 1140 776 1220 De
832 1139 1370 1220 auctoritate
1426 1139 1865 1219 Breviarii
1920 1139 2333 1219 Romani.

579 1370 646 1437 5.
694 1349 800 1416 Ex
845 1349 1198 1416 Brevibus
1247 1348 1455 1415 simul
1504 1348 1794 1429 collatiS,
1841 1371 2002 1436 quae
2049 1351 2139 1418 ab
2172 1351 2366 1418 initio
2399 1353 2500 1420 le·

445 1450 710 1526 guntur
755 1437 1100 1505 Breviarii
1146 1436 1470 1516 Romani,
1521 1450 1592 1506 et
1638 1439 1892 1524 quibus
1942 1439 2150 1525 'nujus
2205 1441 2496 1508 authen-

443 1529 605 1594 ticae
665 1528 1004 1595 editiones
1052 1526 1390 1614 publicari
1416 1526 1770 1612 jubentur,
1828 1540 2142 1596 constat:
2204 1551 2260 1596 1.
2315 1531 2495 1596 anti-

440 1617 690 1704 quiora
735 1615 1097 1683 Breviaria
1131 1614 1349 1681 fuisse
1385 1635 1764 1700 suppressa
1776 1637 1793 1695 ;
1839 1617 2340 1701 permissiones
2373 1641 2490 1684 au·

439 1718 601 1787 tem,
661 1705 1223 1784 consuetudineS,
1289 1714 1567 1783 statuta,
1637 1704 2008 1790 privilegia
2078 1718 2147 1772 et
2217 1706 2485 1775 indulta

438 1795 775 1881 precandi
824 1805 894 1861 et
940 1792 1284 1880 psallendi
1335 1793 1532 1858 mor‘e
1564 1802 1635 1857 et
1666 1793 1803 1858 ritu
1835 1792 2110 1860 illorum
2147 1810 2483 1863 revocata

439 1905 598 1950 esse
624 1906 643 1964 ;
687 1906 750 1951 2.
797 1881 1234 1949 Breviarium
1285 1879 1704 1959 Romanum,
1753 1904 1794 1948 a
1840 1880 2155 1950 Summis
2198 1883 2485 1952 Pontifi-

438 1973 637 2040 cibus
686 1973 970 2051 editum,
1020 1971 1088 2036 in
1138 1980 1286 2035 toto
1321 1970 1493 2034 orbe
1536 1990 1625 2034 ex
1656 1981 2018 2057 praecepto
2051 1993 2212 2039 esse
2247 1973 2481 2041 obser-

436 2061 761 2143 vandum,
813 2060 984 2129 nihil
1031 2060 1101 2126 in
1152 2081 1240 2126 eo
1287 2079 1448 2125 esse
1495 2059 1923 2140 mutandum,
1974 2060 2374 2129 addendum
2407 2076 2480 2131 et

439 2150 1010 2231 detrahendum²,
1039 2160 1110 2216 et
1133 2168 1620 2235 quoscumque
1647 2148 1986 2234 obligare,
2014 2151 2134 2237 qui
2165 2163 2484 2219 tenentur

437 2240 671 2309 Horas
726 2240 1094 2306 canonicas
1157 2236 1593 2325 persolvere,
1646 2257 1851 2303 secus
1900 2259 2024 2304 eos
2081 2261 2223 2305 non
2283 2242 2483 2309 satis-

433 2328 745 2395 facturos
791 2328 989 2395 oneri
1039 2347 1168 2392 suo
1199 2325 1270 2406 3;
1325 2348 1389 2413 3.
1440 2326 1528 2392 ab
1576 2326 1900 2393 omnibus
1947 2326 2272 2395 Praelatis
2317 2350 2473 2397 esse

533 2523 586 2591 1)
621 2520 840 2575 Dicunt
878 2521 1056 2575 etiam
1106 2520 1478 2575 Breviarium
1532 2519 1616 2575 ita
1670 2520 1872 2574 vocari
1930 2520 2189 2589 coepisse
2246 2538 2322 2575 ex
2366 2538 2478 2592 quo

423 2592 545 2647 Gre
587 2591 749 2647 orius
799 2592 901 2647 IX.
956 2592 1258 2647 concessit
1312 2590 1359 2645 F
1363 2590 1790 2645 ranciscalibus
1845 2607 2017 2647 usum
2075 2592 2216 2645 novi
2275 2591 2476 2661 Officii,

466 2681 540 2717 uo
592 2664 1014 2789 §}}}¹}tiqm
1052 2663 1419 2717 abbrevatio.
1445 2662 1532 2717 Cf.
1558 2664 1785 2735 Lupini
1813 2662 2142 2717 Istituze'oni
2159 2662 2479 2735 Litargiche

502 2752 558 2790 z.
870 2774 884 2788 .

528 2806 585 2873 2)
623 2804 748 2859 Leo
785 2803 946 2860 XIII.
981 2820 1091 2859 sua
1126 2804 1335 2859 Const.
1378 2825 1404 2853 a
1450 2801 1802 2877 Officiorum
1843 2826 1868 2852 υ
1908 2821 1944 2857 2
2009 2804 2140 2875 Jan.
2182 2804 2337 2873 1896,
2362 2806 2465 2859 sub

422 2893 583 2932 num.
606 2877 688 2944 18,
707 2875 1037 2945 prohibitas
1064 2874 1390 2929 declaravit
1416 2890 1606 2929 novas
1631 2874 1927 2929 editiones
1974 2875 2235 2930 ibrorum
2261 2876 2477 2947 liturgi-

422 2964 626 3002 corum
667 2963 702 3002 a
737 2945 800 3001 S.
838 2945 997 3002 Sede
1034 2946 1516 3017 approbatorum,
1552 2948 1615 3001 in
1655 2944 1869 3016 quibus
1907 2946 2229 3018 quidquam
2266 2946 2472 3019 aliquis

420 3017 843 3073 immutaverit..

524 3090 583 3161 3)
620 3087 821 3157 Quare
860 3088 957 3159 qui
997 3086 1303 3143 Breviario
1341 3086 1634 3157 Romano,
1673 3087 1748 3141 ad
1828 3086 1946 3141 uod
1983 3087 2353 3143 recitandum
2385 3094 2463 3144 te-

420 3166 614 3227 netur,
652 3165 833 3227 caret,
871 3166 1035 3215 certo
1074 3176 1196 3213 non
1233 3158 1529 3230 obligatur
1583 3159 1659 3213 ad
1715 3158 1768 3214 Ο
1834 3158 1987 3213 cium
2044 3159 2359 3215 dicendum
2397 3178 2467 3216 ex

420 3230 536 3286 alio
574 3230 883 3287 Breviario
921 3248 1045 3285 non
1087 3229 1435 3301 adprobato,
1484 3236 1545 3285 et
1600 3230 1755 3285 forte
1811 3247 1888 3285 ne
1946 3230 2186 3301 quidem
2234 3248 2312 3285 ex
2361 3230 2470 3287 alio

416 3304 576 3357 inter
600 3302 946 3373 adprobata,
972 3319 1030 3359 v.
1095 3341 1112 3359 .
1135 3300 1560 3367 Ambrosiano,
1579 3300 1987 3371 Benedictino,
2009 3309 2119 3357 etc.
2158 3301 2247 3358 Cf.
2269 3306 2440 3361 Bane

419 3378 567 3433 riui.
607 3372 764 3446 Opus
812 3373 865 3429 T
863 3372 1002 3429 heol.
1105 3389 1190 3429 or.
1236 3371 1335 3428 Tr.
1374 3371 1482 3428 IX.
1525 3371 1585 3432 C.
1625 3370 1710 3429 II.
1748 3391 1805 3428 n.
1842 3389 1968 3429 212.
