2713 4137
285 245 378 290 DE
426 244 512 291 ns
555 244 716 302 QUAE
763 245 978 291 MisSAE
1027 246 1314 293 CELEBR.
1348 245 2008 302 PRAEREQUIRUNTUR
2094 219 2182 313 19

262 391 375 457 23.
423 366 499 433 In
552 365 923 448 Oratoriis,
959 369 1107 433 sive
1142 366 1460 454 publiciS,
1496 367 1645 432 sive
1682 367 2177 454 semipubliciS,

137 457 302 524 licet
366 455 731 523 Ordinarii
808 457 1222 522 auctoritate
1286 455 1646 522 celebrare
1717 456 2029 537 Missam,
2109 467 2182 524 et

131 568 385 614 omnes
448 544 695 612 fideles
761 546 881 632 qui
954 546 1186 612 eidem
1255 545 1623 624 intersunt,
1696 546 2018 632 quamvis
2088 546 2179 614 ad

133 635 753 714 Communitatem,
818 655 978 700 cum
1041 635 1277 720 agitur
1321 633 1411 700 de
1476 633 1969 720 semipubliciS,
2036 657 2177 702 non

134 725 554 813 pertineant,
603 734 963 809 praecepto
1013 722 1271 789 festivo
1334 722 1663 790 audiendi
1734 721 2035 792 Sacrum
2081 724 2180 791 fa-

136 815 332 880 ciunt
380 813 570 878 satis.
617 809 951 878 Attamen
1023 822 1098 877 ut
1152 812 1221 877 in
1271 812 1492 879 altero
1528 809 1884 891 OratoriO,
1918 823 2183 899 praeter

133 899 540 992 principale,
591 900 813 986 possit
858 901 930 966 in
978 901 1112 987 piis
1144 898 1783 967 Communitatibus
1816 899 2034 968 Missa
2066 923 2179 968 ce-

134 991 420 1071 lebrari,
471 1010 646 1076 opus
697 999 803 1055 est
850 988 1264 1077 Apostolico
1310 988 1587 1056 Indulto
1640 989 1681 1055 ¹.

299 1079 380 1146 In
454 1076 806 1144 Oratoriis
875 1079 1166 1164 privatis
1236 1078 1403 1145 olim
1464 1077 1792 1166 Episcopi
1857 1088 2184 1164 poterant

138 1191 268 1236 suo
309 1169 472 1256 jure
522 1166 927 1254 permittere
978 1166 1525 1233 celebrationem
1588 1164 1851 1234 Missae.
1913 1165 2183 1233 Verum

137 1257 542 1326 Concilium
611 1255 1103 1322 Tridentinum
1179 1256 1361 1322 hanc
1428 1253 1832 1321 facultatem
1902 1256 2182 1338 ademit,

138 1359 354 1434 prout
417 1344 579 1410 inde
644 1345 1050 1431 expressius
1114 1342 1503 1411 declaravit
1563 1341 1639 1411 S.
1696 1343 2182 1432 Congregatio

138 1433 464 1513 Concilii,
505 1432 711 1518 jussu
774 1432 970 1500 Pauli
1032 1433 1139 1512 V.,
1205 1433 1449 1500 dicens
1512 1431 1641 1498 soli
1708 1432 1795 1499 R.
1867 1431 2183 1501 Pontifici

139 1547 295 1605 eam
369 1543 530 1588 esse
593 1532 1025 1588 reservatam
1077 1521 1122 1587 ².
1186 1520 1420 1605 Quum
1486 1533 1718 1587 tamen
1783 1523 2184 1608 gravissimi

140 1613 517 1692 DoctoreS,
581 1631 762 1699 quos
824 1611 1006 1677 inter
1052 1608 1129 1678 S.
1177 1610 1589 1697 Alphonsus
1641 1610 1685 1690 ³,
1733 1611 2183 1678 distinctione

137 1702 323 1768 facta
355 1700 536 1766 inter
566 1698 967 1765 facultatem
1002 1699 1447 1780 habitualem,
1484 1721 1612 1765 seu
1643 1712 2183 1786 permanentem,

143 1802 211 1856 et
267 1787 634 1868 actualem,
699 1809 824 1854 seu
891 1795 1395 1869 transeuntem,
1458 1787 1648 1854 illam
1711 1800 1999 1868 tanturn,
2048 1810 2185 1854 non

140 1899 320 1945 vero
392 1877 574 1943 hanc
635 1875 1027 1962 Episcopos
1090 1877 1485 1944 concedere
1562 1898 1774 1963 posse
1845 1886 2192 1963 negarent

144 1964 554 2034 celebrandi
615 1965 687 2030 in
750 1963 1104 2032 Oratoriis
1165 1966 1477 2051 privatiS,
1545 1987 1684 2031 non
1747 1966 2189 2033 obstantibus

147 2054 742 2123 declarationibus
815 2052 892 2123 S.
955 2052 1187 2133 Sedis,
1252 2054 1536 2121 demum
1600 2077 1677 2121 re
1739 2055 2057 2141 discussa
2118 2055 2188 2120 in

147 2144 484 2232 plenariis
533 2143 850 2223 comitiiS,
899 2140 976 2210 S.
1033 2142 1520 2230 Congregatio
1582 2165 1797 2229 super
1858 2143 2186 2210 dubium:

151 2263 180 2295 a
233 2232 351 2299 An
399 2231 792 2318 Episcopus
840 2232 1078 2318 possit,
1143 2232 1334 2317 justa
1395 2232 1909 2300 interveniente
1958 2254 2190 2314 causa,

145 2323 553 2389 facultatem
602 2320 995 2386 concedere
1059 2321 1461 2388 celebrandi
1521 2321 1590 2387 in
1658 2320 2009 2388 Oratoriis
2056 2322 2194 2408 pri-

147 2412 335 2478 vatis
381 2410 454 2476 in
502 2409 727 2475 casu?
778 2436 810 2469 n
872 2409 1274 2494 respondit:
1315 2439 1344 2470 ιι
1385 2409 1759 2496 Negative,
1794 2410 1923 2476 nisi
1956 2422 2193 2477 tamen

143 2520 434 2586 magnae
483 2507 554 2564 et
601 2508 937 2585 urgentes
984 2498 1215 2564 adsint
1281 2520 1535 2580 causae,
1607 2508 1678 2565 et
1730 2520 1859 2586 per
1908 2499 2196 2566 modum

141 2598 348 2655 actus
418 2597 685 2652 tantum
734 2587 779 2652 ⁴.
835 2614 864 2645 n
938 2586 1162 2653 Porro
1227 2608 1465 2653 causae
1538 2587 1939 2674 hujusmodi
2004 2598 2196 2653 certe

148 2679 508 2745 habentur
541 2676 600 2741 si
653 2697 825 2741 vera
873 2675 962 2741 sit
1008 2676 1416 2762 impotentia
1450 2676 1753 2743 adeundi
1785 2675 2193 2758 Ecclesiam,

147 2787 282 2833 nec
335 2765 489 2831 sine
522 2764 778 2831 damno
813 2764 1035 2850 possit
1067 2763 1307 2830 Missae
1339 2764 1719 2831 celebratio
1753 2765 1995 2845 omitti,
2030 2775 2196 2851 puta

141 2856 317 2943 quia
365 2851 993 2919 communicandus
1041 2863 1150 2918 est
1195 2852 1513 2919 infirmus
1561 2855 1647 2920 ad
1681 2875 1892 2940 quem
1939 2855 2028 2920 ab
2075 2852 2194 2919 Ec—

147 2942 390 3010 clesia'
439 2940 701 3009 deferri
775 2942 1020 3027 nequit
1063 2940 1178 3009 Ss.
1227 2940 1668 3008 Eucharistia
1725 2942 1876 3007 sine
1941 2963 2199 3027 magna

253 3120 309 3184 1)
351 3115 412 3171 S.
452 3116 526 3171 R.
563 3114 630 3172 C.
665 3116 703 3169 8
743 3115 920 3169 Mart.
962 3117 1119 3186 1879,
1161 3134 1224 3171 n.
1255 3118 1418 3187 3484,
1458 3116 1533 3170 ad
1571 3116 1641 3170 II.

250 3190 309 3257 2)
348 3186 411 3242 S.
449 3186 515 3243 C.
551 3186 618 3241 C.
660 3204 728 3241 10
767 3186 968 3240 Martii
1009 3189 1168 3257 1615.
1195 3192 1585 3248 Benedictus
1621 3190 1775 3244 XIV
1811 3187 1901 3245 De
1924 3187 1987 3242 S.
2012 3187 2211 3243 Missoe

140 3259 376 3331 Sacris.
414 3258 482 3313 L.
521 3256 639 3312 III.
679 3274 727 3314 c.
780 3258 883 3313 VI.
924 3275 980 3312 n.
1018 3276 1071 3313 2.
2063 3256 2069 3267 '

257 3333 316 3399 3)
357 3332 422 3385 S.
459 3333 857 3401 Alphonsus.
909 3329 962 3384 T
961 3328 1100 3384 heol.
1135 3328 1288 3384 Mor.
1326 3329 1395 3384 L.
1444 3328 1545 3385 VI.
1584 3346 1637 3383 n.
1680 3344 1783 3399 359

259 3404 318 3471 4)
356 3400 417 3455 S.
455 3400 521 3456 C.
556 3399 624 3456 C.
659 3416 731 3453 20
769 3399 912 3455 Dec.
953 3400 1106 3470 1855.
