2713 4137
413 291 503 337 DE
549 291 1064 339 RELATIONIBUS
1111 291 1539 337 OFFICIORUM
1586 290 1791 336 INTER
1840 290 1917 336 SE
2095 288 2183 357 51

129 423 280 494 tur,
330 411 446 478 vel
491 421 923 499 reponuntur
954 411 1212 479 Officia
1259 411 1436 478 ritus
1486 411 1799 491 altioris;
1851 411 2185 494 secundO,

127 503 208 567 in
260 502 557 588 paritate
605 502 798 581 rituS,
850 499 1106 567 Officia
1153 501 1483 588 primaria
1518 521 1666 586 prae
1701 500 2183 581 secundariis;

133 591 379 670 tertie,
452 590 520 655 in
593 591 885 676 paritate
965 590 1140 656 ritus
1211 601 1282 655 et
1354 588 1725 676 qualitatiS,
1805 611 1966 677 quae
2025 601 2188 655 sunt

133 679 441 765 majoris
490 677 850 764 dignitatis
912 679 1230 764 insigniS,
1304 699 1453 763 prae
1530 677 1614 744 iis
1684 699 1846 764 quae
1895 677 2190 744 minoris

131 779 332 848 sunt,
380 767 495 834 vel
541 767 797 833 nullius
844 768 1142 853 insignis
1191 767 1553 852 dignitatis
1580 789 1595 846 ;
1645 771 1918 853 quarto',
1967 767 2036 833 in
2073 788 2186 854 pa-

136 859 353 924 ritate
404 857 610 922 etiam
659 856 1040 943 dignitatis,
1090 857 1266 923 ordo
1317 855 1717 922 servabitur
1777 877 1919 942 quo
1983 866 2185 922 erant

133 943 619 1033 persolvenda
682 944 752 1010 in
800 946 1104 1032 propriis
1146 945 1444 1025 -diebuS,
1517 954 1727 1032 prout
1796 965 2048 1030 nempe
2116 943 2185 1010 in

132 1033 574 1102 Calendario
621 1045 964 1120 perpetuo
1013 1034 1461 1100 inveniuntur
1511 1033 1907 1119 descripta;
1944 1033 2031 1100 ad
2082 1054 2186 1100 ce-

133 1136 336 1190 teras
383 1122 570 1188 enim
620 1121 905 1208 regulas
954 1123 1420 1189 occurrentiae
1456 1123 1569 1188 hic
1607 1143 1746 1188 non
1781 1122 2183 1188 attenditur.

276 1211 388 1299 63.
437 1209 808 1277 Nonnullae
858 1213 1310 1298 exceptiones
1360 1212 1447 1277 ab
1497 1209 1870 1298 antedictis
1903 1210 2181 1296 legibus

132 1301 426 1378 dantur,
474 1299 847 1368 videlicet:

277 1387 331 1455 Ι.
382 1386 716 1455 Officium
764 1388 924 1455 festi
976 1399 1298 1456 octavam
1347 1388 1699 1469 habentis,
1764 1386 1943 1454 infra
2008 1398 2186 1455 octa-

132 1501 308 1546 vam
358 1476 701 1557 eamdem,
752 1479 809 1544 si
859 1478 1009 1544 dies
1054 1476 1277 1543 libera
1311 1486 1559 1556 exstat,
1610 1476 2186 1544 transferendum

134 1579 270 1648 est,
355 1575 426 1632 et
504 1566 993 1652 reponendum
1073 1576 1233 1632 ante
1313 1575 1547 1632 cetera
1600 1564 1856 1632 Officia
1928 1567 2191 1652 pariter

131 1655 504 1736 translata,
557 1665 710 1720 utut
742 1655 896 1722 haec
932 1655 1424 1741 praestantiora
1458 1655 1618 1735 sint,
1654 1655 1805 1721 sive
1840 1654 1996 1734 ritu,
2032 1655 2184 1721 sive

129 1744 500 1833 qualitate,
555 1745 704 1809 sive
755 1743 1117 1829 dignitate.
1166 1741 1381 1826 Quod
1431 1745 1488 1810 si
1540 1743 1726 1810 nulla
1764 1743 1916 1809 dies
1967 1743 2186 1810 libera

137 1843 399 1913 exstat,
448 1833 934 1919 reponendum
982 1844 1092 1899 est
1159 1832 1417 1899 festum
1490 1832 1658 1899 illud
1727 1832 1795 1898 in
1863 1832 2018 1918 ipsa
2073 1832 2186 1899 die

129 1935 412 2001 octava,
462 1921 625 1988 licet
671 1921 827 1987 haec
876 1922 945 1987 in
992 1920 1437 1988 Dominicam
1486 1920 1769 2002 incidat,
1802 1921 2185 1987 dummodo

135 2024 400 2091 tamen,
449 2010 518 2077 in
567 2011 703 2079 hoc
750 2010 969 2078 altero
1018 2031 1206 2091 casu,
1254 2032 1393 2077 non
1445 2021 1772 2078 occurrat
1818 2011 1887 2077 in
1940 2009 2188 2077 eadem

137 2099 521 2168 Dominica
568 2100 754 2166 aliud
800 2100 1078 2180 festum,
1150 2101 1342 2186 quod
1412 2100 1502 2166 sit
1549 2099 1661 2166 die
1708 2101 1858 2186 ipsa
1917 2112 2186 2181 octava,

139 2190 263 2257 vel
312 2188 472 2268 ritu,
522 2188 637 2255 vel
682 2188 1032 2276 qualitate,
1083 2188 1196 2254 vel
1243 2188 1585 2275 dignitate
1634 2189 1957 2275 superius
2009 2190 2055 2256 ².

279 2276 363 2344 11.
413 2276 669 2344 Officia
740 2276 1074 2344 translata
1143 2276 1488 2343 festorum
1546 2278 1722 2344 ritus
1769 2277 2087 2363 Duplicis
2132 2276 2182 2344 I.

137 2377 212 2434 et
261 2365 346 2433 ΙΙ.
397 2367 664 2447 classis,
715 2367 773 2432 si
821 2387 950 2453 pro
999 2366 1100 2432 eis
1173 2366 1597 2453 reponendis
1670 2366 1821 2432 dies
1868 2366 2069 2433 liberi
2117 2368 2187 2434 in

243 2530 299 2591 1)
338 2522 402 2578 S.
440 2523 515 2579 R.
551 2523 619 2578 C.
651 2540 724 2592 23
759 2523 906 2593 Apr.
937 2523 1090 2593 1895,
1130 2541 1188 2579 n.
1223 2525 1385 2594 3853.
1423 2523 1578 2579 Vide
1633 2524 2195 2595 interpretationem

133 2596 314 2665 hujus
352 2595 593 2648 Decreti
635 2594 832 2649 datam
873 2594 945 2649 ab
985 2594 1221 2667 Ephem.
1261 2594 1487 2666 Liturg.
1526 2612 1623 2651 an.
1676 2612 1847 2665 1902,
1890 2604 2029 2667 pag.
2074 2613 2205 2663 501,

131 2686 236 2739 seq
285 2708 320 2733 .,
350 2666 523 2735 juxta
559 2682 752 2735 quam,
791 2665 1011 2719 festum
1048 2665 1279 2721 habens
1343 2676 1616 2721 octavam
1654 2675 1854 2736 potest
1892 2667 2203 2721 transferri

133 2740 198 2792 in
295 2737 615 2792 ominicam
650 2737 806 2790 infra
843 2736 1114 2791 eamdem
1155 2744 1459 2800 octavam,
1501 2736 1818 2791 dummodo
1856 2738 1985 2791 haec
2011 2738 2207 2793 Domi-

137 2811 274 2864 nica
311 2825 437 2862 non
475 2809 552 2862 sit
589 2823 709 2861 una
745 2824 820 2861 ex
857 2807 1247 2878 privilegiatis
1285 2808 1328 2863 I.
1374 2808 1474 2864 vel
1512 2808 1587 2864 Il.
1624 2808 1851 2875 classis,
1888 2809 1987 2862 vel
2022 2810 2086 2863 in
2133 2826 2207 2863 ea

137 2898 262 2935 non
301 2884 575 2935 occurrat
613 2878 772 2932 aliud
809 2878 1028 2951 festum
1073 2880 1232 2948 quod
1269 2880 1469 2949 potius
1512 2880 1605 2947 sit,
1631 2878 1730 2934 vel
1766 2879 1899 2947 ritu,
1936 2879 2035 2936 vel
2073 2896 2207 2950 qua-

131 2951 320 3018 litate,
359 2950 460 3004 vel
498 2950 804 3019 dignitate,
840 2950 973 3019 ipsa
1012 2949 1108 3003 die
1138 2957 1368 3006 octava.
1412 2950 1611 3018 Quare
1663 2951 1732 3018 si,
1769 2967 1829 3004 v.
1868 2968 1940 3021 g.,
1984 2949 2203 3005 festum

136 3022 200 3078 S.
237 3021 512 3077 Andreae
550 3022 667 3091 Ap.
703 3022 798 3093 (30
833 3020 1006 3089 Nov.)
1042 3021 1248 3074 incidit
1285 3022 1347 3075 in
1384 3022 1756 3077 Dominicam
1796 3020 1839 3077 I.
1868 3020 2207 3090 AdventuS,

136 3094 270 3149 huic
306 3093 456 3147 illud
494 3091 712 3147 cedere
750 3092 929 3147 debet
967 3098 1028 3145 et
1067 3092 1397 3149 transferri.
1426 3092 1545 3147 Ubi
1568 3092 1727 3147 idem
1754 3091 2085 3163 Apostolus
2112 3099 2205 3147 est

135 3164 428 3220 Titularis
465 3162 768 3231 Ecclesiae,
808 3163 938 3231 ejus
976 3160 1246 3216 Officium
1283 3170 1486 3233 potest
1524 3163 1735 3233 reponi
1771 3164 1834 3218 in
1874 3164 1969 3217 die
2008 3163 2204 3234 aliqua

133 3236 291 3290 infra
331 3241 624 3299 octavam,
665 3251 801 3305 quae
839 3242 1042 3288 tamen
1090 3232 1169 3287 sit
1223 3234 1413 3288 libera
1468 3234 1543 3288 ad
1598 3234 1943 3303 recipienda
2002 3233 2210 3289 Officia

135 3306 448 3362 translata.
486 3305 572 3359 At
608 3304 657 3359 si
700 3304 860 3359 nulla
904 3322 979 3358 ex
1017 3304 1109 3357 his
1149 3303 1359 3360 diebus
1413 3305 1599 3359 libera
1646 3305 2003 3372 inveniatur,
2056 3322 2213 3375 prae-

137 3378 362 3433 dictum
400 3375 676 3431 Officium
711 3376 922 3445 reponi
955 3374 1160 3444 nequit
1186 3375 1250 3429 in
1273 3376 1586 3431 Dominica
1618 3376 2026 3447 subsequenti,
2053 3378 2211 3448 quia,

137 3456 346 3521 utpote
380 3447 759 3519 privilegiata
796 3446 868 3503 II.
905 3446 1133 3514 classiS,
1171 3445 1314 3501 illud
1362 3447 1609 3518 respuit.
