2713 4137
365 253 458 299 DE
503 252 588 299 IIS
635 251 804 310 QUAE
835 250 1062 300 MISSAE
1095 251 1383 298 CELEBR.
1416 250 2081 305 PRAEREQUIRUNTUR
2157 247 2245 316 55

197 376 419 453 tinuo,
493 375 643 441 sive
715 373 1125 460 disjunctas.
1177 374 1420 460 Quare
1471 377 1627 442 haec
1678 375 1829 441 dies
1900 373 2037 440 dici
2088 384 2248 459 post

186 463 634 550 politurgica.

332 553 445 639 58.
475 551 595 619 Ad
629 551 876 619 horam
910 554 1100 640 quod
1134 554 1401 633 attinet,
1438 576 1525 620 ex
1554 551 1885 618 Rubricis
1919 573 2003 618 ea
2035 550 2248 617 debet

199 663 363 707 esse
411 663 498 707 ex
546 641 679 707 illis
712 663 872 728 quae
918 656 1211 710 currunt
1243 645 1333 710 ab
1366 665 1623 710 aurora
1664 642 1753 708 ad
1787 640 2151 707 meridiem
2204 639 2246 704 ¹.

197 729 489 796 Aurora
536 741 764 797 autem
801 731 1217 818 intelligitur
1249 744 1527 818 tempus
1559 731 1749 818 quod
1782 729 2091 796 medium
2141 738 2248 793 est

197 819 386 885 inter
464 831 741 885 noctem
822 832 892 886 et
969 833 1198 888 ortum
1271 822 1460 901 solis,
1524 819 1857 909 quodque
1926 816 2245 904 proinde,

197 930 333 994 pro
399 909 698 975 diversis
747 910 1065 994 partibus
1112 909 1274 976 anni
1351 923 1421 976 et
1476 909 1906 996 regionibus,
1971 905 2247 973 variare

202 997 580 1063 dicendum
629 1009 738 1063 est
784 998 827 1064 ².
860 997 1196 1066 Attamen
1255 999 1615 1066 moraliter
1647 996 2093 1082 accipiendus
2141 1005 2251 1061 est

200 1097 500 1172 uterque
573 1088 931 1166 terminuS,
996 1090 1092 1154 ita
1140 1099 1214 1154 ut
1262 1088 1467 1155 liceat
1514 1087 1807 1154 Missam
1855 1085 2056 1152 finire
2105 1103 2245 1150 non

197 1186 364 1240 ante
412 1196 736 1241 auroram
788 1187 858 1242 et
902 1177 1215 1263 incipere
1267 1199 1407 1243 non
1459 1189 1621 1264 post
1668 1175 2059 1241 meridiem.
2094 1171 2245 1237 Imo

197 1262 360 1328 leve
410 1276 521 1329 est
567 1275 653 1342 et,
706 1265 868 1332 data
918 1266 1308 1333 rationabili
1358 1287 1589 1346 causa,
1625 1287 1713 1331 ne
1749 1264 1907 1330 leve
1940 1261 2247 1351 quidem,

201 1352 259 1416 si
313 1373 452 1418 non
505 1352 686 1420 ultra
735 1354 934 1421 horae
983 1356 1283 1442 spatium
1332 1351 1754 1441 anticipetur
1800 1353 1914 1420 vel
1963 1349 2248 1439 postici-

201 1451 414 1525 petur
459 1441 861 1510 celebratio,
911 1443 1176 1510 Verum
1225 1445 1406 1510 ultra
1457 1445 1655 1511 horae
1721 1442 2022 1529 spatium
2093 1459 2250 1524 gra·

204 1529 316 1594 vis
365 1551 577 1598 causa
627 1533 1009 1620 requiritur
1056 1532 1144 1599 acl
1213 1533 1399 1600 licite
1466 1533 1985 1607 celebrandum,
2058 1538 2134 1593 ut
2191 1526 2249 1591 si

201 1617 545 1701 infirmuS,
612 1621 923 1708 alioquin
975 1622 1123 1688 sine
1156 1620 1432 1688 Viatico
1480 1623 1882 1699 moriturus,
1920 1619 2009 1685 sit
2057 1638 2247 1682 com-

200 1708 693 1788 municandus;
743 1709 857 1776 vel
927 1711 1135 1777 etiam
1185 1733 1397 1778 causa
1460 1708 1899 1778 rationabilis
1947 1717 2240 1782 tantum,

201 1796 259 1861 si
310 1798 599 1865 accedat
630 1798 960 1886 Episcopi
994 1799 1307 1866 licentia:
1341 1811 1413 1866 et
1446 1823 1534 1867 ne
1567 1798 1867 1886 populus
1902 1797 2014 1863 die
2061 1793 2247 1890 festo

203 1897 443 1951 careat
488 1885 728 1966 Missa,
779 1887 942 1955 licet
988 1911 1142 1955 eam
1191 1888 1279 1955 ad
1330 1889 1508 1955 duas
1557 1890 1772 1955 horas
1819 1895 1980 1972 post
2040 1903 2249 1948 mer1-

202 1973 392 2039 diem
441 1975 726 2043 differre
777 1978 822 2044 ⁸.
871 1976 1178 2062 Quidam
1213 1977 1560 2045 Indultum
1594 2001 1635 2044 a
1666 1976 1743 2045 S.
1776 1973 1969 2043 Sede
2002 1982 2248 2057 petunt

199 2062 608 2132 celebrandi
658 2067 746 2133 ab
797 2067 972 2134 hora
1019 2079 1180 2133 ante
1230 2090 1579 2134 auroram.

342 2152 507 2222 Sed·
540 2156 608 2221 in
660 2154 843 2222 festo
898 2156 1302 2223 Nativitatis
1336 2156 1425 2223 D.
1476 2156 1561 2224 N.
1588 2156 1649 2241 J.
1699 2153 1781 2222 C.
1830 2152 2248 2236 cuicumque

197 2240 310 2306 fas
360 2254 468 2309 est
537 2266 744 2310 unam
792 2245 1084 2312 Missam
1135 2246 1546 2325 solemnem,
1580 2244 1693 2311 vel
1736 2252 2105 2318 cantatam,
2142 2258 2246 2303 ce-

201 2329 482 2397 lebrare
516 2333 748 2399 media
783 2347 988 2401 nocte
1015 2358 1031 2415 ;
1082 2357 1220 2401 non
1258 2357 1433 2402 vero
1464 2347 1689 2414 antea,
1726 2354 1855 2397 nec
1903 2330 2247 2417 privatam

201 2418 516 2501 Missam,
553 2421 667 2488 vel
709 2423 916 2489 etiam
951 2423 1155 2490 aliam
1205 2423 1613 2504 solemnem,
1641 2432 1908 2509 praeter
1928 2420 2245 2513 primam,

202 2507 335 2574 nisi
385 2531 471 2575 ex
519 2509 795 2577 Indulto
819 2512 1255 2598 Apostolico,
1315 2535 1451 2580 non
1516 2515 1835 2579 obstante
1898 2518 2248 2576 contrar1a

205 2600 718 2665 consuetudine
777 2600 822 2666 ⁴.

308 2778 360 2843 1)
400 2777 564 2833 Miss.
625 2778 794 2834 Rom.
861 2778 1042 2833 Rubr.
1111 2778 1310 2835 Gener.
1371 2780 1423 2834 T
1422 2782 1479 2835 it.
1534 2778 1675 2833 XV.
1714 2796 1770 2834 n.
1825 2794 1877 2833 I.
1930 2776 2018 2831 Cf.
2075 2774 2253 2829 etiam

197 2847 367 2903 Conc.
415 2848 466 2902 T
464 2850 576 2905 rid.
613 2849 784 2904 Decr.
819 2850 888 2907 de
925 2851 1142 2905 observ.
1178 2855 1231 2904 et
1265 2854 1391 2905 evit.
1430 2853 1489 2903 in
1527 2849 1720 2905 celebr.
1758 2849 1980 2903 Missoe.

297 2922 356 2984 2)
397 2918 466 2973 In
501 2920 845 2991 regionibus
883 2922 1202 2991 polaribus‚
1242 2938 1377 2991 quae
1422 2927 1629 2975 carent
1654 2936 1882 2983 aurora,
1908 2915 2255 2987 intelligitur

192 2989 500 3045 moraliter
563 2992 638 3045 de
693 3000 962 3062 tempore
1021 2994 1179 3063 quod
1235 2992 1555 3062 aequivalet
1612 3008 1859 3058 aurorae,
1897 2990 2007 3043 hoc
2045 2994 2141 3042 est
2178 2985 2254 3039 de

192 3061 444 3115 exordio
484 3061 599 3116 diei
640 3063 848 3131 civilis,
887 3065 1128 3119 moralis
1166 3070 1227 3118 et
1265 3063 1505 3131 usualis,
1561 3064 1625 3116 in
1674 3078 1789 3132 quo
1839 3060 2111 3114 homines
2174 3056 2253 3110 di·

189 3132 390 3186 luculo
451 3148 698 3204 surgere
761 3134 957 3188 solent
1014 3136 1090 3190 ad
1146 3152 1331 3204 opera
1378 3134 1551 3203 juxta
1606 3140 1883 3203 receptas
1938 3130 2250 3201 regionum

188 3204 680 3259 consuetudines,
718 3204 782 3261 S.
819 3206 890 3259 R.
928 3205 993 3260 C.
1029 3224 1064 3261 2
1103 3206 1250 3260 Nov.
1292 3223 1449 3276 1934,
1490 3224 1546 3262 n.
1581 3207 1708 3265 614.
1974 3256 1981 3265 .

304 3278 362 3343 3)
402 3273 490 3329 Cf.
530 3277 593 3332 S.
632 3280 1023 3347 Alphonsus.
1071 3277 1122 3331 T
1121 3276 1258 3331 heol.
1298 3278 1449 3332 Mor.
1490 3278 1555 3333 L.
1607 3276 1710 3332 VJ.
1750 3294 1806 3330 n.
1830 3290 1953 3344 341
1992 3289 2162 3342 seqq.
2189 3276 2250 3323 et

185 3344 254 3399 S.
294 3344 368 3400 R.
407 3345 470 3401 C.
581 3347 728 3401 Nov.
772 3348 927 3417 1667,
967 3365 1022 3401 n.
1065 3349 1220 3418 1361,
1260 3347 1336 3402 ad
1375 3349 1447 3403 II.

298 3419 354 3486 4)
393 3416 456 3473 S.
492 3364 566 3471 ἃ.
603 3417 669 3474 C.
705 3435 776 3471 20
814 3418 963 3489 Apr.
1000 3420 1159 3490 1641,
1199 3437 1254 3474 n.
1293 3436 1434 3489 7523
1475 3419 1544 3472 18
1593 3418 1757 3489 Sept.
1799 3418 1955 3488 1781,
1993 3434 2051 3471 n.
2086 3429 2247 3485 2520.
