2713 4137
891 510 1351 592 TITULUS
1405 511 1542 588 IV.

443 671 573 737 DE
620 667 963 740 DIVINO
1015 667 1415 738 OFFICIO
1463 670 1567 738 IN
1616 668 1960 740 SPECIE

916 1019 1527 1099 PRAENOTANDA.

313 1207 427 1274 86.
473 1207 817 1275 Notiones
865 1229 946 1274 ac
995 1208 1277 1294 regulas
1349 1209 1715 1298 hucusque
1777 1209 2217 1291 tradidimuS,

169 1317 343 1452 {uae
379 1295 653 1364 Officiis
677 1297 1235 1384 quibuscumque
1283 1301 1506 1385 aptari
1539 1299 1793 1381 valent,
1828 1321 1988 1387 quae
2040 1322 2128 1367 ue
2162 1301 2232 1366 in

243 1386 514 1452 ubricis
583 1385 1035 1473 generalibus
1081 1385 1428 1454 Breviarii
1495 1389 1962 1456 continentur.
2088 1387 2228 1456 odo

170 1473 336 1541 illas
385 1474 764 1558 trademus,
815 1495 977 1562 quae
1027 1475 1579 1564 uniuscujusque
1615 1475 2035 1545 Officiorum
2082 1498 2230 1564 spe-

171 1563 312 1629 ciei
365 1573 529 1630 sunt
573 1565 904 1652 propriae,
953 1586 1254 1652 quaeque
1303 1567 1373 1632 in
1426 1566 1847 1653 specialibus
1879 1565 2227 1633 Breviarii

168 1649 510 1719 Rubricis
557 1653 998 1721 exhibentur.

312 1745 564 1823 Porr0,
613 1741 1029 1810 divisionem
1103 1742 1288 1810 illam
1365 1745 1475 1811 hic
1551 1765 1949 1831 sequemur,
2016 1766 2227 1831 quam

168 1828 623 1896 Breviarium
667 1830 1067 1899 Romanum
1116 1833 1350 1914 habet,
1398 1834 1493 1900 ita
1562 1843 1641 1899 ut
1686 1855 1775 1899 ex
1839 1833 2089 1916 prdine
2136 1832 2229 1900 lo-

167 1939 482 2006 quamur
550 1919 638 1986 de
710 1919 1002 2001 Officiis,
1053 1942 1215 2009 quae
1285 1922 1571 2009 propria
1634 1933 1795 1989 sunt
1869 1922 2228 2009 temporiS,

169 2029 257 2075 ac
339 2008 430 2077 de
510 2006 782 2078 Officiis
859 2012 1010 2079 sive
1086 2012 1412 2099 propriis,
1513 2012 1663 2079 sive
1736 2011 2228 2079 communibus

169 2096 629 2167 Sanctorum.

315 2184 672 2271 Quoniam
724 2210 898 2257 vero
947 2190 1099 2276 ipsa
1144 2187 1490 2258 Brevia'rii
1554 2190 1836 2276 partitio
1909 2190 2229 2276 sequitur

169 2276 603 2367 divisionem
652 2276 831 2359 anni,
881 2278 1064 2345 intra
1113 2277 1314 2365 cujus
1382 2278 1560 2345 fines
1632 2277 1884 2346 Officia
1946 2278 2226 2364 singula

170 2386 377 2432 suam
452 2365 697 2433 sedem
745 2366 1030 2448 habent,
1103 2366 1258 2433 haee
1307 2379 1544 2434 autem
1613 2367 1867 2434 divisio
1945 2368 2227 2434 diversa

169 2464 300 2535 est,
351 2467 561 2541 prout
609 2456 698 2523 ad
751 2478 1010 2523 annum
1082 2456 1386 2542 pertinet
1456 2455 2029 2537 ecclesiasticum,
2113 2455 2227 2524 vel

173 2544 264 2611 ad
315 2566 574 2610 annum
628 2544 902 2612 civilem
929 2567 946 2625 ;
993 2544 1155 2611 ideo
1204 2556 1678 2632 opportunum
1711 2565 2086 2612 censemus
2135 2546 2222 2613 de

172 2654 364 2700 anno
411 2634 803 2719 generatim
853 2633 1115 2720 aliquid
1148 2634 1601 2722 praemittere.

1032 2890 1304 2961 CAPUT
1349 2893 1397 2966 l.

700 3039 830 3119 De
888 3061 1130 3120 anno
1189 3038 1707 3143 generatim.

277 3229 425 3315 -87.
473 3225 730 3293 Annus
777 3225 952 3293 alius
999 3236 1108 3291 est
1155 3224 1663 3305 ecclesiasticus,
1723 3223 1898 3291 alius
1944 3220 2183 3291 αὐἱίιὶς.

315 3318 571 3385 Annus
617 3314 1097 3382 ecclesiasticus
1144 3326 1300 3383 est:
1347 3313 1613 3400 Cyclus
1659 3313 1952 3394 dierum,
1987 3313 2106 3399 qui
2140 3312 2231 3379 ab

180 3406 523 3473 Adventu
566 3404 807 3491 incipit
855 3414 926 3471 et
971 3416 1132 3471 ante
1180 3402 1588 3471 Adventum
1624 3402 1895 3468 desinit.
1958 3399 2235 3467 Horum
