2713 4137
594 275 682 320 DE
731 275 1120 321 NONNULLIS
1168 276 1517 323 PARTIBUS
1564 278 1790 325 MtSSAE
2131 278 2221 346 59

164 418 308 463 non
361 397 450 463 sit
499 397 864 464 recitatum
917 395 1010 463 Te
1074 396 1317 478 Deum,
1391 397 1602 484 idque
1674 398 1766 465 ob·
1888 400 2219 467 eculiaria

163 486 505 572 mysteria
553 508 715 574 quae
763 487 848 554 iis
895 485 1145 552 diebus
1178 485 1648 554 celebrantur.
1680 487 1754 554 In
1864 489 2009 555 issa
2042 510 2218 556 vero

162 595 330 662 quae
380 597 537 641 cum
597 573 853 642 Officio
925 575 1206 641 minime
1279 576 1682 657 concordat,
1756 599 1882 644 seu
1956 578 2216 659 votiva,

163 665 562 750 generatim
610 664 952 730 omittitur
1000 665 1326 750 hyanS,
1394 667 1665 751 exeptis
1735 667 2016 733 casibus
2089 688 2219 733 suo

165 751 329 819 loco
378 753 794 820 indicandis,

303 871 334 901 a
387 841 629 930 Aliqui
684 841 1152 908 Rubi-icarum
1209 842 1648 928 expositores
1712 843 1973 924 dicunt,
2048 854 2209 929 post

161 930 448 1016 signum
495 931 767 1011 CruciS,
815 930 1005 1018 quod
1052 929 1129 996 fit
1173 931 1246 997 in
1294 930 1433 997 fine
1484 930 1718 999 Gloria
1771 933 1843 998 in
1904 931 2204 1014 excelsis,

167 1019 387 1088 Credo
434 1035 502 1086 et
547 1021 866 1099 Sanam,
916 1040 1166 1086 manus
1237 1042 1399 1086 esse
1460 1019 1888 1107 jungendaS,
1938 1023 2211 1088 etiamsi

165 1109 342 1176 nihil
389 1110 795 1196 hujusmodi
849 1110 1316 1195 praescribant
1382 1108 1739 1177 Rubricae.
1813 1109 2215 1194 Quaeritur:

161 1198 384 1265 Estne
413 1198 772 1286 sequenda
803 1198 1100 1263 istorum
1128 1198 1413 1285 opinio?
1453 1227 1482 1257 n
1512 1197 1588 1266 S.
1613 1198 1698 1264 R.
1725 1197 2216 1285 Congregatio

163 1289 578 1374 respondit:
659 1316 690 1347 cc
753 1286 1153 1356 Serventur
1214 1287 1548 1354 Rubricae
1620 1317 1649 1347 n
1715 1289 1733 1318 ¹
1790 1285 2011 1374 Atqui
2078 1287 2222 1354 Ru-

165 1378 388 1444 bricae
435 1376 830 1442 nullatenus
899 1377 1372 1462 praescribunt
1429 1376 1617 1443 illam
1668 1399 2000 1443 manuum
2052 1399 2218 1444 con-

156 1466 628 1552 junctionem.

977 1709 1250 1781 CAPUT
1301 1711 1407 1782 ΙΙΙ.

783 1881 913 1963 De
973 1879 1585 1963 Orationibus·

297 2095 409 2179 64.
443 2094 774 2180 Triplicis
808 2096 1066 2182 speciei
1103 2095 1601 2181 distinguimus
1635 2092 2019 2162 Orationes
2050 2116 2215 2181 quae

163 2184 235 2249 in
287 2182 506 2249 Missa
555 2184 881 2250 dicuntur
928 2196 1088 2271 post
1136 2182 1499 2271 Hymnum
1546 2183 1994 2271 Angelicum,
2059 2194 2221 2269 post

170 2271 386 2339 Orate
415 2273 699 2359 fratres
747 2284 818 2339 et
863 2286 1023 2359 post
1070 2272 1658 2347 Communionem
1731 2272 1774 2340 ².
1848 2272 2218 2339 Habentur

166 2382 423 2446 nempe
472 2359 856 2429 Orationes
898 2364 1182 2449 proprie
1217 2364 1446 2442 dictae,
1482 2361 2217 2429 Commemorationes

165 2460 237 2515 et
285 2448 646 2517 Collectae.

305 2538 668 2605 Orationes
716 2540 998 2627 proprie
1048 2539 1256 2606 dictae
1306 2560 1413 2605 eae
1463 2540 1813 2606 habentur
1860 2562 2021 2627 quae
2053 2550 2216 2605 sunt

163 2628 476 2714 propriae
554 2627 1107 2716 uniuscujusque
1183 2629 1446 2708 Missae‚
1519 2649 1583 2696 v,
1656 2651 1725 2714 g.
1796 2628 2213 2708 Dominicae,

165 2715 434 2796 Sancti,
484 2718 801 2803 mysterii
851 2729 982 2784 etc.
1031 2718 1119 2784 de
1167 2718 1424 2805 quibus
1480 2729 1587 2784 est
1633 2716 1871 2799 Missa,
1946 2738 2214 2783 necnon

164 2826 329 2893 quae
377 2816 541 2873 sunt
586 2805 703 2872 tali
752 2805 995 2873 Missae
1045 2828 1172 2893 per
1235 2828 1312 2872 se
1383 2807 1698 2887 adnexae,
1771 2827 1839 2875 v,
1912 2828 1983 2893 g.
2053 2827 2216 2892 quae

164 2895 481 2962 secundo
530 2906 599 2961 et
645 2896 854 2962 tertio
902 2894 1058 2961 loco
1106 2896 1435 2962 dicuntur
1480 2897 1549 2962 in
1580 2895 1820 2962 Missis
1855 2896 1942 2961 de
1975 2894 2213 2961 Domi·

165 2984 341 3064 nica,
377 2984 465 3050 de
498 2982 692 3064 feria,
717 2984 812 3054 *de
838 2983 1113 3052 Octava
1147 2997 1279 3051 ete.
1306 2985 1439 3052 Hae
1465 2996 1845 3072 postremae
1875 2994 2219 3050 vocantur

270 3235 323 3300 1)
364 3232 425 3288 S.
463 3232 536 3288 R.
573 3234 638 3288 C.
679 3250 746 3289 12
784 3234 934 3289 Nov.
975 3235 1130 3304 1831,
1171 3252 1228 3291 n.
1265 3236 1428 3302 2682,
1468 3234 1543 3288 ad
1581 3235 1800 3290 XXIX.

262 3306 320 3373 2)
360 3304 428 3358 In
468 3305 696 3359 Missali
734 3313 938 3360 tamen
975 3305 1182 3360 Oratio
1223 3324 1358 3377 quae
1399 3306 1610 3360 dicitur
1636 3315 1774 3377 post
1806 3306 1979 3361 Orate
1992 3306 2227 3379 fratres

153 3374 499 3430 inscribitur
534 3375 799 3445 Secreta;
839 3394 973 3447 quae
1003 3377 1216 3432 dicitur
1251 3386 1392 3448 post
1418 3377 1848 3433 Comunionem
1887 3377 2229 3432 inscribitur

160 3444 653 3502 Postcommumb.
