2713 4137
524 230 615 275 DE
659 230 901 276 D1V1NO
951 230 1224 278 OFFICIO
1272 229 1346 276 IN
1398 227 1672 274 GENERE
2043 225 2124 294 13

75 352 301 435 primo
367 361 741 418 occurrant
798 350 1242 418 matutinales
1313 371 1445 437 pro
1516 347 1812 434 singulis
1882 348 2131 416 diebus

80 438 572 518 hebdomadae,
623 439 822 519 dein,
858 441 1007 526 pari
1060 440 1330 519 ordine,
1381 437 1787 524 vesperales
1813 459 1829 517 ;
1884 436 2127 504 ultimo

79 527 226 593 loco
275 526 380 593 illi
429 540 591 593 sunt
624 529 854 614 positi,
889 529 1008 615 qui
1047 529 1429 596 recitantur
1458 527 1772 614 quotidie
1813 528 1883 592 in
1918 524 2131 594 Com-

79 616 378 702 pletorio
426 627 499 681 et
544 617 995 685 invariabiles
1044 629 1226 685 sunt.

203 705 309 770 At
360 726 577 792 quum
629 702 960 772 Officium
1010 728 1150 773 non
1197 707 1456 775 dicitur
1503 703 1583 771 de
1631 713 1941 792 tempore,
1998 704 2127 770 sed

89 793 166 859 de
211 792 455 880 aliquo
502 792 706 875 fest0,
758 795 1004 881 psalmi
1037 795 1382 875 Matutini,
1419 807 1487 862 et
1528 815 1720 880 saepe
1753 795 1959 860 etiam
1995 793 2127 861 Ve-

91 903 470 967 sperarum,
523 884 973 969 reperiuntur
1018 885 1088 951 in
1136 883 1451 971 PropriO,
1504 882 1619 950 vel
1661 882 1733 948 in
1771 881 2135 950 Communi

89 971 492 1038 Sanctorum
539 971 650 1052 (cf.
701 995 767 1040 n.
814 976 903 1059 9).

205 1059 598 1127 Numerum
650 1062 842 1149 quod
891 1072 1162 1148 spectat
1209 1060 1663 1147 psalmorum,
1713 1060 1832 1148 qui
1879 1060 1946 1125 in
1997 1056 2125 1126 Of-

91 1147 233 1215 ficio
281 1148 686 1229 recitantur,
737 1151 892 1216 haec
942 1151 1333 1236 generatim
1387 1151 1726 1217 dicimus:
1782 1147 1858 1216 In
1908 1148 2127 1215 Matu-

93 1237 221 1302 tino
279 1237 368 1303 de
427 1237 793 1305 Dominica
864 1239 1114 1326 psalmi
1186 1250 1348 1305 sunt
1420 1238 1928 1324 duodeviginti,
2000 1259 2127 1304 seu

95 1326 449 1392 duodecim
502 1329 569 1392 in
620 1328 846 1413 primo
903 1340 1262 1407 nocturno,
1322 1340 1468 1394 tres
1535 1329 1605 1394 in
1672 1327 1985 1393 secundo
2057 1337 2128 1392 et

95 1427 224 1480 tres
278 1415 350 1480 in
425 1416 655 1483 tertio,
725 1415 800 1482 ln
873 1415 1216 1483 Matutino
1287 1418 1376 1484 de
1446 1417 1622 1483 feria
1671 1416 1951 1482 unicum
2022 1426 2129 1482 est

98 1514 500 1570 nocturnum
539 1516 872 1571 constans
905 1505 1276 1572 duodecim
1326 1506 1634 1592 psalmis,
1677 1505 1752 1572 In
1786 1504 2129 1571 Matutino

101 1591 177 1657 de
221 1591 402 1658 festo
463 1594 813 1659 habentur
881 1606 1026 1660 tres
1095 1594 1342 1682 psalmi
1415 1596 1481 1661 in
1553 1611 1982 1681 unoquoque
2039 1613 2129 1658 ex

99 1681 304 1746 tribus
360 1683 746 1748 nocturnis.
795 1682 1074 1749 Laudes
1151 1685 1413 1751 habent
1482 1704 1763 1768 semper
1818 1683 2129 1770 quinque

109 1768 450 1854 psalmos;
523 1771 824 1857 singulae
892 1771 1112 1838 Horae
1183 1773 1493 1838 minores
1564 1773 1827 1838 habent
1891 1784 2038 1837 tres
2090 1771 2133 1850 ¹,

98 1855 424 1944 Vesperae
453 1860 762 1946 quinque
791 1872 862 1926 et
888 1859 1445 1948 Completorium
1472 1874 1776 1948 quatuor
1801 1861 2134 1947 psalmos,

225 1946 340 2013 Ad
374 1949 597 2014 instar
629 1947 1056 2035 psalmorum
1093 1960 1255 2015 sunt
1286 1952 1565 2031 cantica,
1611 1971 1772 2037 quae
1816 1949 2136 2016 obtinent

100 2044 354 2102 tantum
404 2037 473 2103 in
523 2037 900 2118 Laudibus,
950 2037 1290 2125 Vesperis
1338 2050 1409 2106 et
1458 2038 1961 2125 CompletoriO.

223 2126 321 2191 18.
369 2125 753 2214 Antiphona
801 2127 986 2194 idem
1036 2128 1202 2194 dicit
1278 2151 1358 2195 ac
1426 2133 1733 2215 opposita
1780 2150 1933 2209 vox,
2007 2147 2134 2192 seu

105 2226 336 2280 cantus
383 2216 790 2303 reciprocus
840 2226 909 2283 et
957 2216 1350 2284 alternatim
1402 2218 1670 2297 ductuS,
1708 2227 1783 2283 ut
1812 2218 1881 2283 in
1915 2216 2136 2282 choro

101 2300 240 2367 fieri
291 2303 488 2370 solet.
558 2303 796 2373 Sensu
874 2316 1106 2372 tamen
1175 2305 1646 2374 Rubricarum
1719 2318 1827 2372 est
1900 2304 2139 2373 brevis

102 2393 449 2545 {enitentia
500 2392 622 2485 vel·
660 2415 747 2460 ex
796 2394 1054 2460 divinis
1101 2394 1519 2482 ScripturiS,
1569 2395 1683 2462 vel
1720 2417 1807 2461 ex
1842 2393 2139 2460 historia

150 2500 184 2544 e
235 2492 412 2548 ucta.

221 2567 651 2649 Generatim,
689 2582 852 2637 ante
902 2593 1483 2661 unumquemque
1532 2572 1878 2659 psalmum
1912 2572 1997 2638 ali
2054 2592 2144 2635 ua

106 2658 470 2743 antiphona
515 2657 793 2745 legitur,
846 2681 1008 2746 quae
1078 2671 1240 2748 post
1309 2660 1501 2727 illurn
1572 2661 1931 2749 repetitur.
2073 2658 2142 2725 li-

105 2746 370 2831 quando
417 2758 649 2813 tamen
700 2748 834 2814 sub
868 2749 1072 2815 unica
1129 2748 1512 2836 antiphona
1546 2749 1784 2837 plures
1819 2750 2145 2817 dicuntur

108 2834 356 2933 psalmi,
383 2845 499 2934 ‘ut,
548 2857 617 2901 v.
655 2857 746 2922 g.,
781 2836 851 2902 in
889 2836 1105 2905 Horis
1139 2838 1527 2906 minoribus
1560 2850 1629 2906 et
1661 2837 2141 2925 Completorio

110 2934 453 3009 contlngit.

227 3010 446 3077 Etiam
496 3021 654 3078 ante
704 3023 774 3079 et
820 3025 978 3101 post
1029 3015 1297 3081 cantica
1360 3014 1769 3082 Benedictus
1824 3016 1891 3081 in
1961 3014 2143 3082 Lau-

109 3098 318 3182 dibus,
363 3098 787 3191 Magnificat
830 3103 900 3169 in
954 3102 1310 3191 vesperis,
1369 3114 1440 3169 et
1484 3104 1689 3172 Nunc
1734 3103 2021 3171 dimittis
2068 3103 2139 3170 in

206 3315 255 3383 1)
291 3313 510 3369 Verum
551 3315 627 3369 ad
665 3314 942 3385 Primam,
979 3316 1044 3372 in
1081 3316 1288 3373 Officio
1328 3319 1405 3374 de
1453 3324 1739 3388 tempore,
1796 3318 1927 3374 sive
1973 3318 2158 3375 domi-

107 3385 281 3451 nicali,
318 3386 447 3441 sive
485 3386 695 3453 feriali,
732 3387 955 3459 pluries
995 3388 1232 3444 additur
1269 3390 1419 3445 alius
1456 3390 1741 3461 psalmuS.
